,0_ID,1_TIME,BID_P_1,BID_V_1,BID_P_2,BID_V_2,BID_P_3,BID_V_3,BID_P_4,BID_V_4,BID_P_5,BID_V_5,BID_P_6,BID_V_6,BID_P_7,BID_V_7,BID_P_8,BID_V_8,BID_P_9,BID_V_9,BID_P_10,BID_V_10,ASK_P_1,ASK_V_1,ASK_P_2,ASK_V_2,ASK_P_3,ASK_V_3,ASK_P_4,ASK_V_4,ASK_P_5,ASK_V_5,ASK_P_6,ASK_V_6,ASK_P_7,ASK_V_7,ASK_P_8,ASK_V_8,ASK_P_9,ASK_V_9,ASK_P_10,ASK_V_10,Y
0,TEA,1970.01.01 01:11:29.966690,2418,7,2417,3,2416,3,2415,3,2414,57,2413,9,2412,8,2411,7,2410,10,2409,5,2421,5,2422,5,2423,5,2424,5,2425,5,2430,1.0,2431.0,2.0,2436.0,1.0,2437.0,1.0,2438.0,1.0,0.4195656724940916
1,TEA,1970.01.01 01:11:32.444868,2418,7,2417,3,2416,3,2415,4,2414,57,2413,9,2412,8,2411,7,2410,10,2409,5,2421,5,2422,5,2423,5,2424,5,2425,5,2430,1.0,2431.0,2.0,2436.0,1.0,2437.0,1.0,2438.0,1.0,0.4209177083133712
2,TEA,1970.01.01 01:11:33.886045,2420,1,2418,7,2417,3,2416,3,2415,4,2414,57,2413,9,2412,8,2411,7,2410,10,2421,5,2422,5,2423,5,2424,5,2425,5,2430,1.0,2431.0,2.0,2436.0,1.0,2437.0,1.0,2438.0,1.0,0.4209177083133712
3,TEA,1970.01.01 01:11:36.895255,2420,1,2418,7,2417,4,2416,3,2415,4,2414,57,2413,9,2412,8,2411,7,2410,10,2421,5,2422,5,2423,5,2424,5,2425,5,2430,1.0,2431.0,2.0,2436.0,1.0,2437.0,1.0,2438.0,1.0,0.41350314204962735
48,TEA,1970.01.01 01:21:29.049337,2419,13,2418,11,2417,9,2416,9,2415,9,2414,57,2413,4,2412,29,2411,34,2410,26,2421,5,2422,21,2423,6,2424,32,2425,24,2426,17.0,2427.0,16.0,2428.0,40.0,2429.0,1.0,2430.0,42.0,0.4058909641117208
50,TEA,1970.01.01 01:21:29.069155,2419,10,2418,11,2417,9,2416,9,2415,9,2414,57,2413,4,2412,29,2411,34,2410,26,2421,5,2422,21,2423,6,2424,32,2425,24,2426,17.0,2427.0,16.0,2428.0,40.0,2429.0,1.0,2430.0,42.0,0.4089898865165185
51,TEA,1970.01.01 01:21:29.069381,2419,21,2418,11,2417,9,2416,9,2415,9,2414,57,2413,4,2412,29,2411,34,2410,26,2421,5,2422,21,2423,6,2424,32,2425,24,2426,17.0,2427.0,16.0,2428.0,40.0,2429.0,1.0,2430.0,42.0,0.4118203001261869
52,TEA,1970.01.01 01:21:29.069431,2419,21,2418,11,2417,9,2416,9,2415,9,2414,57,2413,4,2412,29,2411,34,2410,26,2421,5,2422,21,2423,6,2424,32,2425,24,2426,19.0,2427.0,16.0,2428.0,40.0,2429.0,1.0,2430.0,42.0,0.4143877070054395
55,TEA,1970.01.01 01:21:29.069558,2419,21,2418,11,2417,9,2416,9,2415,9,2414,57,2413,4,2412,29,2411,34,2410,26,2421,5,2422,21,2423,6,2424,32,2425,24,2426,27.0,2427.0,16.0,2428.0,40.0,2429.0,1.0,2430.0,42.0,0.4166969685951705
56,TEA,1970.01.01 01:21:29.069579,2419,26,2418,11,2417,9,2416,9,2415,9,2414,57,2413,4,2412,29,2411,34,2410,26,2421,5,2422,21,2423,6,2424,32,2425,24,2426,27.0,2427.0,16.0,2428.0,40.0,2429.0,1.0,2430.0,42.0,0.41875235563941454
57,TEA,1970.01.01 01:21:29.069776,2419,25,2418,11,2417,9,2416,9,2415,9,2414,57,2413,4,2412,29,2411,34,2410,26,2421,5,2422,21,2423,6,2424,32,2425,24,2426,27.0,2427.0,16.0,2428.0,40.0,2429.0,1.0,2430.0,42.0,0.41875235563941454
58,TEA,1970.01.01 01:21:29.069796,2419,24,2418,11,2417,9,2416,9,2415,9,2414,57,2413,4,2412,29,2411,34,2410,26,2421,5,2422,21,2423,6,2424,32,2425,24,2426,27.0,2427.0,16.0,2428.0,40.0,2429.0,1.0,2430.0,42.0,0.41875235563941454
60,TEA,1970.01.01 01:21:29.069883,2419,24,2418,11,2417,9,2416,9,2415,9,2414,57,2413,4,2412,29,2411,34,2410,26,2421,6,2422,21,2423,6,2424,32,2425,24,2426,27.0,2427.0,16.0,2428.0,40.0,2429.0,1.0,2430.0,42.0,0.41875235563941454
61,TEA,1970.01.01 01:21:29.070074,2419,24,2418,11,2417,9,2416,9,2415,9,2414,57,2413,4,2412,29,2411,34,2410,26,2420,1,2421,6,2422,21,2423,6,2424,32,2425,24.0,2426.0,27.0,2427.0,16.0,2428.0,40.0,2429.0,1.0,0.41875235563941454
62,TEA,1970.01.01 01:21:29.070107,2419,24,2418,11,2417,9,2416,9,2415,9,2414,57,2413,4,2412,29,2411,34,2410,26,2420,1,2421,5,2422,21,2423,6,2424,32,2425,24.0,2426.0,27.0,2427.0,16.0,2428.0,40.0,2429.0,1.0,0.42076769665159336
63,TEA,1970.01.01 01:21:29.070205,2419,23,2418,11,2417,9,2416,9,2415,9,2414,57,2413,4,2412,29,2411,34,2410,26,2420,1,2421,5,2422,21,2423,6,2424,32,2425,24.0,2426.0,27.0,2427.0,16.0,2428.0,40.0,2429.0,1.0,0.4227136958828158
64,TEA,1970.01.01 01:21:29.070225,2419,22,2418,11,2417,9,2416,9,2415,9,2414,57,2413,4,2412,29,2411,34,2410,26,2420,1,2421,5,2422,21,2423,6,2424,32,2425,24.0,2426.0,27.0,2427.0,16.0,2428.0,40.0,2429.0,1.0,0.4245913067619566
65,TEA,1970.01.01 01:21:29.070302,2419,22,2418,11,2417,9,2416,9,2415,9,2414,57,2413,4,2412,29,2411,34,2410,26,2420,17,2421,5,2422,21,2423,6,2424,32,2425,24.0,2426.0,27.0,2427.0,16.0,2428.0,24.0,2429.0,1.0,0.4264014327112845
66,TEA,1970.01.01 01:21:29.070342,2419,21,2418,11,2417,9,2416,9,2415,9,2414,57,2413,4,2412,29,2411,34,2410,26,2420,17,2421,5,2422,21,2423,6,2424,32,2425,24.0,2426.0,27.0,2427.0,16.0,2428.0,24.0,2429.0,1.0,0.4304977152417083
67,TEA,1970.01.01 01:21:29.070362,2419,20,2418,11,2417,9,2416,9,2415,9,2414,57,2413,4,2412,29,2411,34,2410,26,2420,17,2421,5,2422,21,2423,6,2424,32,2425,24.0,2426.0,27.0,2427.0,16.0,2428.0,24.0,2429.0,1.0,0.43449727132390575
69,TEA,1970.01.01 01:21:29.070875,2419,19,2418,11,2417,9,2416,9,2415,9,2414,57,2413,4,2412,29,2411,34,2410,26,2420,17,2421,5,2422,21,2423,6,2424,32,2425,24.0,2426.0,27.0,2427.0,16.0,2428.0,24.0,2429.0,1.0,0.43632417750892055
70,TEA,1970.01.01 01:21:29.071892,2419,18,2418,11,2417,9,2416,9,2415,9,2414,57,2413,4,2412,29,2411,34,2410,26,2420,17,2421,5,2422,21,2423,6,2424,32,2425,24.0,2426.0,27.0,2427.0,16.0,2428.0,24.0,2429.0,1.0,0.4380858271152425
72,TEA,1970.01.01 01:21:29.072383,2419,17,2418,11,2417,9,2416,9,2415,9,2414,57,2413,4,2412,29,2411,34,2410,26,2420,17,2421,5,2422,21,2423,6,2424,32,2425,24.0,2426.0,27.0,2427.0,16.0,2428.0,24.0,2429.0,1.0,0.4397830043432217
73,TEA,1970.01.01 01:21:29.074149,2419,16,2418,11,2417,9,2416,9,2415,9,2414,57,2413,4,2412,29,2411,34,2410,26,2420,17,2421,5,2422,21,2423,6,2424,32,2425,24.0,2426.0,27.0,2427.0,16.0,2428.0,24.0,2429.0,1.0,0.44141645285212
74,TEA,1970.01.01 01:21:29.074842,2419,15,2418,11,2417,9,2416,9,2415,9,2414,57,2413,4,2412,29,2411,34,2410,26,2420,17,2421,5,2422,21,2423,6,2424,32,2425,24.0,2426.0,27.0,2427.0,16.0,2428.0,24.0,2429.0,1.0,0.4429868776131405
76,TEA,1970.01.01 01:21:29.076392,2419,14,2418,11,2417,9,2416,9,2415,9,2414,57,2413,4,2412,29,2411,34,2410,26,2420,17,2421,5,2422,21,2423,6,2424,32,2425,24.0,2426.0,27.0,2427.0,16.0,2428.0,24.0,2429.0,1.0,0.44449494662574623
77,TEA,1970.01.01 01:21:29.076926,2419,13,2418,11,2417,9,2416,9,2415,9,2414,57,2413,4,2412,29,2411,34,2410,26,2420,17,2421,5,2422,21,2423,6,2424,32,2425,24.0,2426.0,27.0,2427.0,16.0,2428.0,24.0,2429.0,1.0,0.4459412925079986
79,TEA,1970.01.01 01:21:29.077233,2419,12,2418,11,2417,9,2416,9,2415,9,2414,57,2413,4,2412,29,2411,34,2410,26,2420,17,2421,5,2422,21,2423,6,2424,32,2425,24.0,2426.0,27.0,2427.0,16.0,2428.0,24.0,2429.0,1.0,0.4473265139705868
80,TEA,1970.01.01 01:21:29.078862,2419,11,2418,11,2417,9,2416,9,2415,9,2414,57,2413,4,2412,29,2411,34,2410,26,2420,17,2421,5,2422,21,2423,6,2424,32,2425,24.0,2426.0,27.0,2427.0,16.0,2428.0,24.0,2429.0,1.0,0.44865117718328185
81,TEA,1970.01.01 01:21:29.079451,2419,10,2418,11,2417,9,2416,9,2415,9,2414,57,2413,4,2412,29,2411,34,2410,26,2420,17,2421,5,2422,21,2423,6,2424,32,2425,24.0,2426.0,27.0,2427.0,16.0,2428.0,24.0,2429.0,1.0,0.4499158170417055
83,TEA,1970.01.01 01:21:29.081176,2419,9,2418,11,2417,9,2416,9,2415,9,2414,57,2413,4,2412,29,2411,34,2410,26,2420,17,2421,5,2422,21,2423,6,2424,32,2425,24.0,2426.0,27.0,2427.0,16.0,2428.0,24.0,2429.0,1.0,0.4511209383415496
84,TEA,1970.01.01 01:21:29.081850,2419,8,2418,11,2417,9,2416,9,2415,9,2414,57,2413,4,2412,29,2411,34,2410,26,2420,17,2421,5,2422,21,2423,6,2424,32,2425,24.0,2426.0,27.0,2427.0,16.0,2428.0,24.0,2429.0,1.0,0.4522670168667054
85,TEA,1970.01.01 01:21:29.082379,2419,7,2418,11,2417,9,2416,9,2415,9,2414,57,2413,4,2412,29,2411,34,2410,26,2420,17,2421,5,2422,21,2423,6,2424,32,2425,24.0,2426.0,27.0,2427.0,16.0,2428.0,24.0,2429.0,1.0,0.4533545003971519
86,TEA,1970.01.01 01:21:29.083440,2419,6,2418,11,2417,9,2416,9,2415,9,2414,57,2413,4,2412,29,2411,34,2410,26,2420,17,2421,5,2422,21,2423,6,2424,32,2425,24.0,2426.0,27.0,2427.0,16.0,2428.0,24.0,2429.0,1.0,0.4543838096419012
87,TEA,1970.01.01 01:21:29.084296,2419,5,2418,11,2417,9,2416,9,2415,9,2414,57,2413,4,2412,29,2411,34,2410,26,2420,17,2421,5,2422,21,2423,6,2424,32,2425,24.0,2426.0,27.0,2427.0,16.0,2428.0,24.0,2429.0,1.0,0.4553553391018026
88,TEA,1970.01.01 01:21:29.085882,2419,4,2418,11,2417,9,2416,9,2415,9,2414,57,2413,4,2412,29,2411,34,2410,26,2420,17,2421,5,2422,21,2423,6,2424,32,2425,24.0,2426.0,27.0,2427.0,16.0,2428.0,24.0,2429.0,1.0,0.4562694578665567
89,TEA,1970.01.01 01:21:29.086121,2419,3,2418,11,2417,9,2416,9,2415,9,2414,57,2413,4,2412,29,2411,34,2410,26,2420,17,2421,5,2422,21,2423,6,2424,32,2425,24.0,2426.0,27.0,2427.0,16.0,2428.0,24.0,2429.0,1.0,0.4571265103498805
90,TEA,1970.01.01 01:21:29.086543,2419,2,2418,11,2417,9,2416,9,2415,9,2414,57,2413,4,2412,29,2411,34,2410,26,2420,17,2421,5,2422,21,2423,6,2424,32,2425,24.0,2426.0,27.0,2427.0,16.0,2428.0,24.0,2429.0,1.0,0.4579268169663915
91,TEA,1970.01.01 01:21:29.088152,2419,1,2418,11,2417,9,2416,9,2415,9,2414,57,2413,4,2412,29,2411,34,2410,26,2420,17,2421,5,2422,21,2423,6,2424,32,2425,24.0,2426.0,27.0,2427.0,16.0,2428.0,24.0,2429.0,1.0,0.4586706747534406
93,TEA,1970.01.01 01:21:29.088677,2418,11,2417,9,2416,9,2415,9,2414,57,2413,4,2412,29,2411,34,2410,26,2409,29,2420,17,2421,5,2422,21,2423,6,2424,32,2425,24.0,2426.0,27.0,2427.0,16.0,2428.0,24.0,2429.0,1.0,0.4593583579408084
94,TEA,1970.01.01 01:21:29.089089,2418,10,2417,9,2416,9,2415,9,2414,57,2413,4,2412,29,2411,34,2410,26,2409,29,2420,17,2421,5,2422,21,2423,6,2424,32,2425,24.0,2426.0,27.0,2427.0,16.0,2428.0,24.0,2429.0,1.0,0.4550502247781568
96,TEA,1970.01.01 01:21:29.090524,2418,9,2417,9,2416,9,2415,9,2414,57,2413,4,2412,29,2411,34,2410,26,2409,29,2420,17,2421,5,2422,21,2423,6,2424,32,2425,24.0,2426.0,27.0,2427.0,16.0,2428.0,24.0,2429.0,1.0,0.4550502247781568
97,TEA,1970.01.01 01:21:29.091575,2417,9,2416,9,2415,9,2414,57,2413,4,2412,29,2411,34,2410,26,2409,29,2408,34,2420,17,2421,5,2422,21,2423,6,2424,32,2425,24.0,2426.0,27.0,2427.0,16.0,2428.0,24.0,2429.0,1.0,0.4550502247781568
98,TEA,1970.01.01 01:21:29.094629,2417,9,2416,9,2415,9,2414,57,2413,4,2412,29,2411,34,2410,26,2409,29,2408,34,2420,1,2421,5,2422,21,2423,6,2424,32,2425,24.0,2426.0,27.0,2427.0,16.0,2428.0,40.0,2429.0,1.0,0.4395532626508044
102,TEA,1970.01.01 01:21:29.101258,2417,9,2416,9,2415,9,2414,57,2413,4,2412,29,2411,34,2410,26,2409,29,2408,34,2420,1,2421,5,2422,5,2423,6,2424,32,2425,24.0,2426.0,27.0,2427.0,16.0,2428.0,40.0,2429.0,1.0,0.4229525846814763
103,TEA,1970.01.01 01:21:29.101453,2418,2,2417,9,2416,9,2415,9,2414,57,2413,4,2412,29,2411,34,2410,26,2409,29,2420,1,2421,5,2422,5,2423,6,2424,32,2425,24.0,2426.0,27.0,2427.0,16.0,2428.0,40.0,2429.0,1.0,0.4051125295716909
104,TEA,1970.01.01 01:21:29.101515,2418,2,2417,9,2416,12,2415,9,2414,57,2413,4,2412,29,2411,34,2410,26,2409,29,2420,1,2421,5,2422,5,2423,6,2424,32,2425,24.0,2426.0,27.0,2427.0,16.0,2428.0,40.0,2429.0,1.0,0.3988303606365011
105,TEA,1970.01.01 01:21:29.101730,2418,2,2417,12,2416,12,2415,9,2414,57,2413,4,2412,29,2411,31,2410,26,2409,29,2420,1,2421,5,2422,5,2423,6,2424,32,2425,24.0,2426.0,27.0,2427.0,16.0,2428.0,40.0,2429.0,1.0,0.3921901723818233
108,TEA,1970.01.01 01:21:29.109546,2418,2,2417,12,2416,12,2415,9,2414,57,2413,4,2412,29,2411,31,2410,26,2409,29,2421,5,2422,5,2423,6,2424,32,2425,24,2426,27.0,2427.0,16.0,2428.0,40.0,2429.0,1.0,2430.0,42.0,0.3851734490567885
109,TEA,1970.01.01 01:21:29.109683,2418,2,2417,12,2416,12,2415,9,2414,57,2413,4,2412,29,2411,31,2410,26,2409,29,2420,1,2421,5,2422,5,2423,6,2424,32,2425,24.0,2426.0,27.0,2427.0,16.0,2428.0,40.0,2429.0,1.0,0.3848126922029793
110,TEA,1970.01.01 01:21:29.109782,2418,2,2417,9,2416,12,2415,9,2414,57,2413,4,2412,29,2411,31,2410,26,2409,29,2420,1,2421,5,2422,5,2423,6,2424,32,2425,24.0,2426.0,27.0,2427.0,16.0,2428.0,40.0,2429.0,1.0,0.3772575146009501
111,TEA,1970.01.01 01:21:29.109802,2418,2,2417,9,2416,9,2415,9,2414,57,2413,4,2412,29,2411,31,2410,26,2409,29,2420,1,2421,5,2422,5,2423,6,2424,32,2425,24.0,2426.0,27.0,2427.0,16.0,2428.0,40.0,2429.0,1.0,0.3692744729374652
113,TEA,1970.01.01 01:21:29.111229,2418,2,2417,9,2416,9,2415,9,2414,57,2413,4,2412,29,2411,31,2410,26,2409,29,2421,5,2422,5,2423,6,2424,32,2425,24,2426,27.0,2427.0,16.0,2428.0,40.0,2429.0,1.0,2430.0,42.0,0.3616390856674777
114,TEA,1970.01.01 01:21:29.111388,2418,2,2417,9,2416,9,2415,9,2414,57,2413,4,2412,29,2411,31,2410,26,2409,29,2420,1,2421,5,2422,5,2423,6,2424,32,2425,24.0,2426.0,27.0,2427.0,16.0,2428.0,40.0,2429.0,1.0,0.3616390856674777
115,TEA,1970.01.01 01:21:29.111596,2418,2,2417,12,2416,9,2415,9,2414,57,2413,4,2412,29,2411,31,2410,26,2409,29,2420,1,2421,5,2422,5,2423,6,2424,32,2425,24.0,2426.0,27.0,2427.0,16.0,2428.0,40.0,2429.0,1.0,0.3537676004823925
116,TEA,1970.01.01 01:21:29.112790,2418,2,2417,12,2416,9,2415,9,2414,57,2413,4,2412,29,2411,31,2410,26,2409,29,2421,5,2422,5,2423,6,2424,32,2425,24,2426,27.0,2427.0,16.0,2428.0,40.0,2429.0,1.0,2430.0,42.0,0.3456438875045008
117,TEA,1970.01.01 01:21:29.112955,2418,2,2417,9,2416,9,2415,9,2414,57,2413,4,2412,29,2411,31,2410,26,2409,29,2421,5,2422,5,2423,6,2424,32,2425,24,2426,27.0,2427.0,16.0,2428.0,40.0,2429.0,1.0,2430.0,42.0,0.3456438875045008
118,TEA,1970.01.01 01:21:29.113369,2418,2,2417,9,2416,9,2415,9,2414,57,2413,4,2412,13,2411,31,2410,26,2409,29,2421,5,2422,5,2423,6,2424,32,2425,24,2426,27.0,2427.0,16.0,2428.0,40.0,2429.0,1.0,2430.0,42.0,0.3456438875045008
119,TEA,1970.01.01 01:21:29.116406,2419,4,2418,2,2417,9,2416,9,2415,9,2414,57,2413,4,2412,13,2411,31,2410,26,2421,5,2422,5,2423,6,2424,32,2425,24,2426,27.0,2427.0,16.0,2428.0,40.0,2429.0,1.0,2430.0,42.0,0.34465617474140386
121,TEA,1970.01.01 01:21:29.116979,2419,3,2418,2,2417,9,2416,9,2415,9,2414,57,2413,4,2412,13,2411,31,2410,26,2421,5,2422,5,2423,6,2424,32,2425,24,2426,27.0,2427.0,16.0,2428.0,40.0,2429.0,1.0,2430.0,42.0,0.34465617474140386
122,TEA,1970.01.01 01:21:29.118338,2419,2,2418,2,2417,9,2416,9,2415,9,2414,57,2413,4,2412,13,2411,31,2410,26,2421,5,2422,5,2423,6,2424,32,2425,24,2426,27.0,2427.0,16.0,2428.0,40.0,2429.0,1.0,2430.0,42.0,0.34465617474140386
126,TEA,1970.01.01 01:21:29.120363,2419,1,2418,2,2417,9,2416,9,2415,9,2414,57,2413,4,2412,13,2411,31,2410,26,2421,5,2422,5,2423,6,2424,32,2425,24,2426,27.0,2427.0,16.0,2428.0,40.0,2429.0,1.0,2430.0,42.0,0.34465617474140386
127,TEA,1970.01.01 01:21:29.120886,2419,3,2418,2,2417,9,2416,9,2415,9,2414,57,2413,4,2412,13,2411,31,2410,26,2421,5,2422,5,2423,6,2424,32,2425,24,2426,27.0,2427.0,16.0,2428.0,40.0,2429.0,1.0,2430.0,42.0,0.34465617474140386
128,TEA,1970.01.01 01:21:29.122347,2419,2,2418,2,2417,9,2416,9,2415,9,2414,57,2413,4,2412,13,2411,31,2410,26,2421,5,2422,5,2423,6,2424,32,2425,24,2426,27.0,2427.0,16.0,2428.0,40.0,2429.0,1.0,2430.0,42.0,0.34465617474140386
129,TEA,1970.01.01 01:21:29.122851,2419,1,2418,2,2417,9,2416,9,2415,9,2414,57,2413,4,2412,13,2411,31,2410,26,2421,5,2422,5,2423,6,2424,32,2425,24,2426,27.0,2427.0,16.0,2428.0,40.0,2429.0,1.0,2430.0,42.0,0.34465617474140386
130,TEA,1970.01.01 01:21:29.124165,2419,4,2418,2,2417,9,2416,9,2415,9,2414,57,2413,4,2412,13,2411,31,2410,26,2421,5,2422,5,2423,6,2424,32,2425,24,2426,27.0,2427.0,16.0,2428.0,40.0,2429.0,1.0,2430.0,42.0,0.34465617474140386
131,TEA,1970.01.01 01:21:29.124649,2419,3,2418,2,2417,9,2416,9,2415,9,2414,57,2413,4,2412,13,2411,31,2410,26,2421,5,2422,5,2423,6,2424,32,2425,24,2426,27.0,2427.0,16.0,2428.0,40.0,2429.0,1.0,2430.0,42.0,0.3456438875045008
132,TEA,1970.01.01 01:21:29.125973,2419,4,2418,2,2417,9,2416,9,2415,9,2414,57,2413,4,2412,13,2411,31,2410,26,2421,5,2422,5,2423,6,2424,32,2425,24,2426,27.0,2427.0,16.0,2428.0,40.0,2429.0,1.0,2430.0,42.0,0.3456438875045008
133,TEA,1970.01.01 01:21:29.126697,2419,3,2418,2,2417,9,2416,9,2415,9,2414,57,2413,4,2412,13,2411,31,2410,26,2421,5,2422,5,2423,6,2424,32,2425,24,2426,27.0,2427.0,16.0,2428.0,40.0,2429.0,1.0,2430.0,42.0,0.3456438875045008
137,TEA,1970.01.01 01:21:29.129047,2419,2,2418,2,2417,9,2416,9,2415,9,2414,57,2413,4,2412,13,2411,31,2410,26,2421,5,2422,5,2423,6,2424,32,2425,24,2426,27.0,2427.0,16.0,2428.0,40.0,2429.0,1.0,2430.0,42.0,0.3456438875045008
138,TEA,1970.01.01 01:21:29.129596,2419,1,2418,2,2417,9,2416,9,2415,9,2414,57,2413,4,2412,13,2411,31,2410,26,2421,5,2422,5,2423,6,2424,32,2425,24,2426,27.0,2427.0,16.0,2428.0,40.0,2429.0,1.0,2430.0,42.0,0.3456438875045008
139,TEA,1970.01.01 01:21:29.130998,2419,4,2418,2,2417,9,2416,9,2415,9,2414,57,2413,4,2412,13,2411,31,2410,26,2421,5,2422,5,2423,6,2424,32,2425,24,2426,27.0,2427.0,16.0,2428.0,40.0,2429.0,1.0,2430.0,42.0,0.3465559263676855
140,TEA,1970.01.01 01:21:29.131117,2419,3,2418,2,2417,9,2416,9,2415,9,2414,57,2413,4,2412,13,2411,31,2410,26,2421,5,2422,5,2423,6,2424,32,2425,24,2426,27.0,2427.0,16.0,2428.0,40.0,2429.0,1.0,2430.0,42.0,0.3465559263676855
141,TEA,1970.01.01 01:21:29.133271,2419,2,2418,2,2417,9,2416,9,2415,9,2414,57,2413,4,2412,13,2411,31,2410,26,2421,5,2422,5,2423,6,2424,32,2425,24,2426,27.0,2427.0,16.0,2428.0,40.0,2429.0,1.0,2430.0,42.0,0.3699235520253771
142,TEA,1970.01.01 01:21:29.135380,2419,1,2418,2,2417,9,2416,9,2415,9,2414,57,2413,4,2412,13,2411,31,2410,26,2421,5,2422,5,2423,6,2424,32,2425,24,2426,27.0,2427.0,16.0,2428.0,40.0,2429.0,1.0,2430.0,42.0,0.3913199626022642
143,TEA,1970.01.01 01:21:29.135906,2418,2,2417,9,2416,9,2415,9,2414,57,2413,4,2412,13,2411,31,2410,26,2409,29,2421,5,2422,5,2423,6,2424,32,2425,24,2426,27.0,2427.0,16.0,2428.0,40.0,2429.0,1.0,2430.0,42.0,0.4110530944591726
145,TEA,1970.01.01 01:21:29.137639,2418,1,2417,9,2416,9,2415,9,2414,57,2413,4,2412,13,2411,31,2410,26,2409,29,2421,5,2422,5,2423,6,2424,32,2425,24,2426,27.0,2427.0,16.0,2428.0,40.0,2429.0,1.0,2430.0,42.0,0.42932293418597656
146,TEA,1970.01.01 01:21:29.142654,2418,5,2417,9,2416,9,2415,9,2414,57,2413,4,2412,13,2411,31,2410,26,2409,29,2421,5,2422,5,2423,6,2424,32,2425,24,2426,27.0,2427.0,16.0,2428.0,40.0,2429.0,1.0,2430.0,42.0,0.4631905164674866
147,TEA,1970.01.01 01:21:29.142877,2418,5,2417,12,2416,9,2415,9,2414,57,2413,4,2412,13,2411,31,2410,26,2409,29,2421,5,2422,5,2423,6,2424,32,2425,24,2426,27.0,2427.0,16.0,2428.0,40.0,2429.0,1.0,2430.0,42.0,0.4942855266121354
149,TEA,1970.01.01 01:21:29.146425,2418,5,2417,12,2416,9,2415,9,2414,57,2413,4,2412,13,2411,31,2410,26,2409,29,2421,5,2422,5,2423,6,2424,32,2425,21,2426,27.0,2427.0,16.0,2428.0,40.0,2429.0,1.0,2430.0,42.0,0.5231026320298088
150,TEA,1970.01.01 01:21:29.146791,2417,9,2416,9,2415,9,2414,57,2413,4,2412,13,2411,31,2410,26,2409,29,2408,34,2421,5,2422,5,2423,6,2424,32,2425,21,2426,27.0,2427.0,16.0,2428.0,40.0,2429.0,1.0,2430.0,42.0,0.5500000000002266
151,TEA,1970.01.01 01:21:29.146811,2417,9,2416,9,2415,9,2414,57,2413,4,2412,13,2411,31,2410,26,2409,29,2408,34,2421,5,2422,5,2423,6,2424,32,2425,15,2426,27.0,2427.0,16.0,2428.0,40.0,2429.0,1.0,2430.0,42.0,0.5714371391856841
152,TEA,1970.01.01 01:21:29.146981,2417,9,2416,12,2415,9,2414,57,2413,4,2412,13,2411,31,2410,26,2409,29,2408,34,2421,5,2422,5,2423,6,2424,32,2425,15,2426,27.0,2427.0,16.0,2428.0,40.0,2429.0,1.0,2430.0,42.0,0.5919280259281221
156,TEA,1970.01.01 01:21:29.152458,2419,4,2417,9,2416,12,2415,9,2414,57,2413,4,2412,13,2411,31,2410,26,2409,29,2421,5,2422,5,2423,6,2424,32,2425,15,2426,27.0,2427.0,16.0,2428.0,40.0,2429.0,1.0,2430.0,42.0,0.6115677816199803
157,TEA,1970.01.01 01:21:29.152627,2419,4,2418,1,2417,9,2416,12,2415,9,2414,57,2413,4,2412,13,2411,31,2410,26,2421,5,2422,5,2423,6,2424,32,2425,15,2426,27.0,2427.0,16.0,2428.0,40.0,2429.0,1.0,2430.0,42.0,0.6328347319643095
158,TEA,1970.01.01 01:21:29.152648,2419,4,2418,1,2417,10,2416,12,2415,9,2414,57,2413,4,2412,13,2411,31,2410,26,2421,5,2422,5,2423,6,2424,32,2425,15,2426,27.0,2427.0,16.0,2428.0,40.0,2429.0,1.0,2430.0,42.0,0.6527912098343658
159,TEA,1970.01.01 01:21:29.152673,2419,4,2418,1,2417,10,2416,12,2415,10,2414,57,2413,4,2412,13,2411,31,2410,26,2421,5,2422,5,2423,6,2424,32,2425,15,2426,27.0,2427.0,16.0,2428.0,40.0,2429.0,1.0,2430.0,42.0,0.6715540547756453
160,TEA,1970.01.01 01:21:29.152693,2419,4,2418,1,2417,10,2416,12,2415,10,2414,57,2413,4,2412,13,2411,31,2410,26,2421,5,2422,6,2423,6,2424,32,2425,15,2426,27.0,2427.0,16.0,2428.0,40.0,2429.0,1.0,2430.0,42.0,0.6892207574689883
161,TEA,1970.01.01 01:21:29.152737,2419,4,2418,1,2417,10,2416,12,2415,10,2414,57,2413,4,2412,13,2411,31,2410,26,2421,5,2422,6,2423,7,2424,32,2425,15,2426,27.0,2427.0,16.0,2428.0,40.0,2429.0,1.0,2430.0,42.0,0.7058736259122883
162,TEA,1970.01.01 01:21:29.152763,2419,4,2418,1,2417,10,2416,12,2415,10,2414,57,2413,4,2412,13,2411,31,2410,26,2421,5,2422,6,2423,7,2424,33,2425,15,2426,27.0,2427.0,16.0,2428.0,40.0,2429.0,1.0,2430.0,42.0,0.7215828560760825
163,TEA,1970.01.01 01:21:29.152783,2419,4,2418,1,2417,10,2416,12,2415,10,2414,57,2413,4,2412,13,2411,31,2410,26,2421,5,2422,6,2423,7,2424,33,2425,16,2426,27.0,2427.0,16.0,2428.0,40.0,2429.0,1.0,2430.0,42.0,0.7364088401147773
164,TEA,1970.01.01 01:21:29.152995,2419,4,2418,1,2417,7,2416,9,2415,10,2414,57,2413,4,2412,13,2411,31,2410,26,2421,5,2422,6,2423,7,2424,33,2425,16,2426,27.0,2427.0,16.0,2428.0,40.0,2429.0,1.0,2430.0,42.0,0.7504039316310828
165,TEA,1970.01.01 01:21:29.153266,2419,3,2417,7,2416,10,2415,10,2414,57,2413,4,2412,13,2411,31,2410,26,2409,29,2421,5,2422,6,2423,7,2424,33,2425,16,2426,27.0,2427.0,16.0,2428.0,40.0,2429.0,1.0,2430.0,42.0,0.7636138164068941
166,TEA,1970.01.01 01:21:29.154235,2419,2,2417,7,2416,10,2415,10,2414,57,2413,4,2412,13,2411,31,2410,26,2409,29,2421,5,2422,6,2423,7,2424,33,2425,16,2426,27.0,2427.0,16.0,2428.0,40.0,2429.0,1.0,2430.0,42.0,0.7760785912519019
168,TEA,1970.01.01 01:21:29.156382,2419,4,2417,7,2416,10,2415,10,2414,57,2413,4,2412,13,2411,31,2410,26,2409,29,2421,5,2422,6,2423,7,2424,33,2425,16,2426,27.0,2427.0,16.0,2428.0,40.0,2429.0,1.0,2430.0,42.0,0.7878336234151799
170,TEA,1970.01.01 01:21:29.164291,2419,4,2417,7,2416,10,2415,10,2414,57,2413,4,2412,13,2411,31,2410,26,2409,29,2421,5,2422,6,2423,7,2424,33,2425,16,2426,30.0,2427.0,16.0,2428.0,40.0,2429.0,1.0,2430.0,42.0,0.7989102426176338
171,TEA,1970.01.01 01:21:29.164742,2419,4,2417,7,2416,10,2415,10,2414,57,2413,4,2412,13,2411,31,2410,26,2409,29,2421,5,2422,6,2423,7,2424,33,2425,16,2426,36.0,2427.0,16.0,2428.0,40.0,2429.0,1.0,2430.0,42.0,0.8093363037249478
174,TEA,1970.01.01 01:21:29.169297,2419,3,2417,7,2416,10,2415,10,2414,57,2413,4,2412,13,2411,31,2410,26,2409,29,2421,5,2422,6,2423,7,2424,33,2425,16,2426,36.0,2427.0,16.0,2428.0,40.0,2429.0,1.0,2430.0,42.0,0.8191366482381774
175,TEA,1970.01.01 01:21:29.169821,2419,2,2417,7,2416,10,2415,10,2414,57,2413,4,2412,13,2411,31,2410,26,2409,29,2421,5,2422,6,2423,7,2424,33,2425,16,2426,36.0,2427.0,16.0,2428.0,40.0,2429.0,1.0,2430.0,42.0,0.828333485764345
177,TEA,1970.01.01 01:21:29.177382,2419,2,2418,2,2417,7,2416,10,2415,10,2414,57,2413,4,2412,13,2411,31,2410,26,2421,5,2422,6,2423,7,2424,33,2425,16,2426,36.0,2427.0,16.0,2428.0,40.0,2429.0,1.0,2430.0,42.0,0.8369467115546037
178,TEA,1970.01.01 01:21:29.177927,2419,1,2418,2,2417,7,2416,10,2415,10,2414,57,2413,4,2412,13,2411,31,2410,26,2421,5,2422,6,2423,7,2424,33,2425,16,2426,36.0,2427.0,16.0,2428.0,40.0,2429.0,1.0,2430.0,42.0,0.8449941724754907
185,TEA,1970.01.01 01:21:29.193910,2418,2,2417,7,2416,10,2415,10,2414,57,2413,4,2412,13,2411,31,2410,26,2409,29,2421,5,2422,6,2423,7,2424,33,2425,16,2426,36.0,2427.0,16.0,2428.0,40.0,2429.0,1.0,2430.0,42.0,0.8524918910141807
186,TEA,1970.01.01 01:21:29.197847,2419,2,2418,2,2417,7,2416,10,2415,10,2414,57,2413,4,2412,13,2411,31,2410,26,2421,5,2422,6,2423,7,2424,33,2425,16,2426,36.0,2427.0,16.0,2428.0,40.0,2429.0,1.0,2430.0,42.0,0.8621678104266802
187,TEA,1970.01.01 01:21:29.198366,2419,1,2418,2,2417,7,2416,10,2415,10,2414,57,2413,4,2412,13,2411,31,2410,26,2421,5,2422,6,2423,7,2424,33,2425,16,2426,36.0,2427.0,16.0,2428.0,40.0,2429.0,1.0,2430.0,42.0,0.8687038992943423
192,TEA,1970.01.01 01:21:29.235492,2417,7,2416,10,2415,10,2414,57,2413,4,2412,13,2411,31,2410,26,2409,29,2408,34,2421,5,2422,6,2423,7,2424,33,2425,16,2426,36.0,2427.0,16.0,2428.0,40.0,2429.0,1.0,2430.0,42.0,0.8747293953871527
193,TEA,1970.01.01 01:21:29.235816,2417,7,2416,13,2415,10,2414,57,2413,4,2412,13,2411,31,2410,26,2409,29,2408,34,2421,5,2422,6,2423,7,2424,33,2425,16,2426,36.0,2427.0,16.0,2428.0,40.0,2429.0,1.0,2430.0,42.0,0.8832904506474305
194,TEA,1970.01.01 01:21:29.235977,2417,5,2416,13,2415,10,2414,57,2413,4,2412,13,2411,31,2410,26,2409,29,2408,34,2421,5,2422,6,2423,7,2424,33,2425,16,2426,36.0,2427.0,16.0,2428.0,40.0,2429.0,1.0,2430.0,42.0,0.8916560463841893
195,TEA,1970.01.01 01:21:29.236148,2417,7,2416,13,2415,10,2414,57,2413,4,2412,13,2411,31,2410,26,2409,29,2408,34,2421,5,2422,6,2423,7,2424,33,2425,16,2426,36.0,2427.0,16.0,2428.0,40.0,2429.0,1.0,2430.0,42.0,0.8998316340849555
196,TEA,1970.01.01 01:21:29.236560,2417,7,2416,13,2415,10,2414,57,2413,28,2412,13,2411,31,2410,26,2409,29,2408,34,2421,5,2422,6,2423,7,2424,33,2425,16,2426,36.0,2427.0,16.0,2428.0,40.0,2429.0,1.0,2430.0,42.0,0.9078223472378804
197,TEA,1970.01.01 01:21:29.236865,2419,4,2417,7,2416,13,2415,10,2414,57,2413,28,2412,13,2411,31,2410,26,2409,29,2421,5,2422,6,2423,7,2424,33,2425,16,2426,36.0,2427.0,16.0,2428.0,40.0,2429.0,1.0,2430.0,42.0,0.9156330260464416
198,TEA,1970.01.01 01:21:29.237162,2419,4,2417,7,2416,10,2415,10,2414,57,2413,28,2412,13,2411,31,2410,26,2409,29,2421,5,2422,6,2423,7,2424,33,2425,16,2426,36.0,2427.0,16.0,2428.0,40.0,2429.0,1.0,2430.0,42.0,0.919815528279348
199,TEA,1970.01.01 01:21:29.237389,2419,3,2417,7,2416,10,2415,10,2414,57,2413,28,2412,13,2411,31,2410,26,2409,29,2421,5,2422,6,2423,7,2424,33,2425,16,2426,36.0,2427.0,16.0,2428.0,40.0,2429.0,1.0,2430.0,42.0,0.923541711528282
201,TEA,1970.01.01 01:21:29.253867,2419,3,2417,7,2416,10,2415,10,2414,57,2413,4,2412,13,2411,31,2410,26,2409,29,2421,5,2422,6,2423,7,2424,33,2425,16,2426,36.0,2427.0,16.0,2428.0,40.0,2429.0,1.0,2430.0,42.0,0.9268170795757276
203,TEA,1970.01.01 01:21:29.262432,2419,3,2417,7,2416,10,2415,10,2414,57,2413,28,2412,13,2411,31,2410,26,2409,29,2421,5,2422,6,2423,7,2424,33,2425,16,2426,36.0,2427.0,16.0,2428.0,40.0,2429.0,1.0,2430.0,42.0,0.9296463974253292
204,TEA,1970.01.01 01:21:29.265083,2419,3,2417,7,2416,10,2415,10,2414,57,2413,4,2412,13,2411,31,2410,26,2409,29,2421,5,2422,6,2423,7,2424,33,2425,16,2426,36.0,2427.0,16.0,2428.0,40.0,2429.0,1.0,2430.0,42.0,0.9320337272279504
206,TEA,1970.01.01 01:21:29.271868,2419,3,2417,7,2416,10,2415,10,2414,57,2413,28,2412,13,2411,31,2410,26,2409,29,2421,5,2422,6,2423,7,2424,33,2425,16,2426,36.0,2427.0,16.0,2428.0,40.0,2429.0,1.0,2430.0,42.0,0.9339824582543708
207,TEA,1970.01.01 01:21:29.274062,2419,3,2417,7,2416,10,2415,10,2414,57,2413,4,2412,13,2411,31,2410,26,2409,29,2421,5,2422,6,2423,7,2424,33,2425,16,2426,36.0,2427.0,16.0,2428.0,40.0,2429.0,1.0,2430.0,42.0,0.9354953314449248
209,TEA,1970.01.01 01:21:29.278298,2417,7,2416,10,2415,10,2414,57,2413,4,2412,13,2411,31,2410,26,2409,29,2408,34,2421,5,2422,6,2423,7,2424,33,2425,16,2426,36.0,2427.0,16.0,2428.0,40.0,2429.0,1.0,2430.0,42.0,0.9365744589596396
210,TEA,1970.01.01 01:21:29.278528,2417,7,2416,13,2415,10,2414,57,2413,4,2412,13,2411,31,2410,26,2409,29,2408,34,2421,5,2422,6,2423,7,2424,33,2425,16,2426,36.0,2427.0,16.0,2428.0,40.0,2429.0,1.0,2430.0,42.0,0.9423267999922668
212,TEA,1970.01.01 01:21:29.279668,2419,4,2417,7,2416,13,2415,10,2414,57,2413,4,2412,13,2411,31,2410,26,2409,29,2421,5,2422,6,2423,7,2424,33,2425,16,2426,36.0,2427.0,16.0,2428.0,40.0,2429.0,1.0,2430.0,42.0,0.94793768708168
214,TEA,1970.01.01 01:21:29.279999,2419,4,2417,7,2416,10,2415,10,2414,57,2413,4,2412,13,2411,31,2410,26,2409,29,2421,5,2422,6,2423,7,2424,33,2425,16,2426,36.0,2427.0,16.0,2428.0,40.0,2429.0,1.0,2430.0,42.0,0.9481507786179781
215,TEA,1970.01.01 01:21:29.280418,2419,3,2417,7,2416,10,2415,10,2414,57,2413,4,2412,13,2411,31,2410,26,2409,29,2421,5,2422,6,2423,7,2424,33,2425,16,2426,36.0,2427.0,16.0,2428.0,40.0,2429.0,1.0,2430.0,42.0,0.9479376870817574
218,TEA,1970.01.01 01:21:29.292607,2419,3,2417,7,2416,10,2415,10,2414,57,2413,28,2412,13,2411,31,2410,26,2409,29,2421,5,2422,6,2423,7,2424,33,2425,16,2426,36.0,2427.0,16.0,2428.0,40.0,2429.0,1.0,2430.0,42.0,0.9472981248677024
219,TEA,1970.01.01 01:21:29.296983,2419,3,2417,7,2416,10,2415,10,2414,57,2413,28,2412,13,2411,31,2410,26,2409,29,2421,3,2422,6,2423,7,2424,33,2425,16,2426,36.0,2427.0,16.0,2428.0,40.0,2429.0,1.0,2430.0,42.0,0.9462312272154932
220,TEA,1970.01.01 01:21:29.297259,2419,3,2418,3,2417,7,2416,10,2415,10,2414,57,2413,28,2412,13,2411,31,2410,26,2421,3,2422,6,2423,7,2424,33,2425,16,2426,36.0,2427.0,16.0,2428.0,40.0,2429.0,1.0,2430.0,42.0,0.9447355463459242
221,TEA,1970.01.01 01:21:29.297525,2419,2,2418,3,2417,7,2416,10,2415,10,2414,57,2413,28,2412,13,2411,31,2410,26,2421,3,2422,6,2423,7,2424,33,2425,16,2426,36.0,2427.0,16.0,2428.0,40.0,2429.0,1.0,2430.0,42.0,0.9428090415843736
222,TEA,1970.01.01 01:21:29.297715,2419,2,2417,7,2416,10,2415,10,2414,57,2413,28,2412,13,2411,31,2410,26,2409,29,2421,3,2422,6,2423,7,2424,33,2425,16,2426,36.0,2427.0,16.0,2428.0,40.0,2429.0,1.0,2430.0,42.0,0.9404490653134159
226,TEA,1970.01.01 01:21:29.307626,2419,2,2417,7,2416,10,2415,10,2414,57,2413,4,2412,13,2411,31,2410,26,2409,29,2421,3,2422,6,2423,7,2424,33,2425,16,2426,36.0,2427.0,16.0,2428.0,40.0,2429.0,1.0,2430.0,42.0,0.9376523445267072
228,TEA,1970.01.01 01:21:29.315017,2419,2,2417,7,2416,10,2415,10,2414,57,2413,28,2412,13,2411,31,2410,26,2409,29,2421,3,2422,6,2423,7,2424,33,2425,16,2426,36.0,2427.0,16.0,2428.0,40.0,2429.0,1.0,2430.0,42.0,0.9306780410894872
229,TEA,1970.01.01 01:21:29.316795,2419,2,2417,7,2416,10,2415,10,2414,57,2413,28,2412,29,2411,31,2410,26,2409,29,2421,3,2422,6,2423,7,2424,33,2425,16,2426,36.0,2427.0,16.0,2428.0,40.0,2429.0,1.0,2430.0,42.0,0.9240200924859452
231,TEA,1970.01.01 01:21:29.328160,2419,2,2417,7,2416,10,2415,10,2414,57,2413,28,2412,29,2411,7,2410,26,2409,29,2421,3,2422,6,2423,7,2424,33,2425,16,2426,36.0,2427.0,16.0,2428.0,40.0,2429.0,1.0,2430.0,42.0,0.9170660287104536
232,TEA,1970.01.01 01:21:29.328180,2419,2,2417,7,2416,10,2415,10,2414,57,2413,28,2412,29,2411,7,2410,26,2409,5,2421,3,2422,6,2423,7,2424,33,2425,16,2426,36.0,2427.0,16.0,2428.0,40.0,2429.0,1.0,2430.0,42.0,0.909489811474772
233,TEA,1970.01.01 01:21:29.329153,2419,2,2417,7,2416,10,2415,10,2414,57,2413,28,2412,29,2411,31,2410,26,2409,5,2421,3,2422,6,2423,7,2424,33,2425,16,2426,36.0,2427.0,16.0,2428.0,40.0,2429.0,1.0,2430.0,42.0,0.9017379403884732
234,TEA,1970.01.01 01:21:29.329926,2419,2,2417,7,2416,10,2415,10,2414,57,2413,28,2412,29,2411,31,2410,26,2409,29,2421,3,2422,6,2423,7,2424,33,2425,16,2426,36.0,2427.0,16.0,2428.0,40.0,2429.0,1.0,2430.0,42.0,0.8938058451887919
235,TEA,1970.01.01 01:21:29.333714,2419,2,2417,7,2416,10,2415,10,2414,57,2413,28,2412,13,2411,31,2410,26,2409,29,2421,3,2422,6,2423,7,2424,33,2425,16,2426,36.0,2427.0,16.0,2428.0,40.0,2429.0,1.0,2430.0,42.0,0.8856886837084635
237,TEA,1970.01.01 01:21:29.339505,2419,1,2417,7,2416,10,2415,10,2414,57,2413,28,2412,13,2411,31,2410,26,2409,29,2421,3,2422,6,2423,7,2424,33,2425,16,2426,36.0,2427.0,16.0,2428.0,40.0,2429.0,1.0,2430.0,42.0,0.8773813194972789
238,TEA,1970.01.01 01:21:29.340820,2419,4,2417,7,2416,10,2415,10,2414,57,2413,28,2412,13,2411,31,2410,26,2409,29,2421,3,2422,6,2423,7,2424,33,2425,16,2426,36.0,2427.0,16.0,2428.0,40.0,2429.0,1.0,2430.0,42.0,0.8688782969750811
239,TEA,1970.01.01 01:21:29.341011,2419,4,2418,3,2417,7,2416,10,2415,10,2414,57,2413,28,2412,13,2411,31,2410,26,2421,3,2422,6,2423,7,2424,33,2425,16,2426,36.0,2427.0,16.0,2428.0,40.0,2429.0,1.0,2430.0,42.0,0.8601738137747648
240,TEA,1970.01.01 01:21:29.345228,2419,2,2418,3,2417,7,2416,10,2415,10,2414,57,2413,28,2412,13,2411,31,2410,26,2421,3,2422,6,2423,7,2424,33,2425,16,2426,36.0,2427.0,16.0,2428.0,40.0,2429.0,1.0,2430.0,42.0,0.8512616898764477
241,TEA,1970.01.01 01:21:29.345402,2419,2,2417,7,2416,10,2415,10,2414,57,2413,28,2412,13,2411,31,2410,26,2409,29,2421,3,2422,6,2423,7,2424,33,2425,16,2426,36.0,2427.0,16.0,2428.0,40.0,2429.0,1.0,2430.0,42.0,0.8421353330651568
243,TEA,1970.01.01 01:21:29.385578,2417,7,2416,10,2415,10,2414,57,2413,28,2412,13,2411,31,2410,26,2409,29,2408,34,2421,3,2422,6,2423,7,2424,33,2425,16,2426,36.0,2427.0,16.0,2428.0,40.0,2429.0,1.0,2430.0,42.0,0.8327877001614487
244,TEA,1970.01.01 01:21:29.385821,2417,7,2416,13,2415,10,2414,57,2413,28,2412,13,2411,31,2410,26,2409,29,2408,34,2421,3,2422,6,2423,7,2424,33,2425,16,2426,36.0,2427.0,16.0,2428.0,40.0,2429.0,1.0,2430.0,42.0,0.8327877001614487
245,TEA,1970.01.01 01:21:29.386888,2419,4,2417,7,2416,13,2415,10,2414,57,2413,28,2412,13,2411,31,2410,26,2409,29,2421,3,2422,6,2423,7,2424,33,2425,16,2426,36.0,2427.0,16.0,2428.0,40.0,2429.0,1.0,2430.0,42.0,0.8327877001614487
246,TEA,1970.01.01 01:21:29.387123,2419,4,2418,3,2417,7,2416,13,2415,10,2414,57,2413,28,2412,13,2411,31,2410,26,2421,3,2422,6,2423,7,2424,33,2425,16,2426,36.0,2427.0,16.0,2428.0,40.0,2429.0,1.0,2430.0,42.0,0.8232112533740066
248,TEA,1970.01.01 01:21:29.390409,2419,4,2418,3,2417,7,2416,13,2415,10,2414,57,2413,28,2412,13,2411,31,2410,26,2421,1,2422,6,2423,7,2424,33,2425,16,2426,36.0,2427.0,16.0,2428.0,40.0,2429.0,1.0,2430.0,42.0,0.8133979110011201
249,TEA,1970.01.01 01:21:29.390561,2419,4,2418,3,2417,7,2416,13,2415,10,2414,57,2413,28,2412,13,2411,31,2410,26,2421,1,2422,6,2423,7,2424,32,2425,16,2426,36.0,2427.0,16.0,2428.0,40.0,2429.0,1.0,2430.0,42.0,0.8033389915585729
251,TEA,1970.01.01 01:21:29.400796,2419,4,2418,3,2417,7,2416,13,2415,34,2414,57,2413,28,2412,13,2411,31,2410,26,2421,1,2422,6,2423,7,2424,32,2425,16,2426,36.0,2427.0,16.0,2428.0,40.0,2429.0,1.0,2430.0,42.0,0.793025150227708
252,TEA,1970.01.01 01:21:29.401175,2419,4,2418,3,2417,7,2416,13,2415,34,2414,57,2413,4,2412,13,2411,31,2410,26,2421,1,2422,6,2423,7,2424,32,2425,16,2426,36.0,2427.0,16.0,2428.0,40.0,2429.0,1.0,2430.0,42.0,0.7824463062900792
253,TEA,1970.01.01 01:21:29.402692,2419,4,2418,3,2417,7,2416,13,2415,10,2414,57,2413,4,2412,13,2411,31,2410,26,2421,1,2422,6,2423,7,2424,32,2425,16,2426,36.0,2427.0,16.0,2428.0,40.0,2429.0,1.0,2430.0,42.0,0.7715915599319845
254,TEA,1970.01.01 01:21:29.403211,2419,4,2418,3,2417,7,2416,13,2415,10,2414,57,2413,28,2412,13,2411,31,2410,26,2421,1,2422,6,2423,7,2424,32,2425,16,2426,36.0,2427.0,16.0,2428.0,40.0,2429.0,1.0,2430.0,42.0,0.7604490964473121
258,TEA,1970.01.01 01:21:29.419535,2419,4,2418,3,2417,7,2416,13,2415,10,2414,57,2413,28,2412,13,2411,7,2410,26,2421,1,2422,6,2423,7,2424,32,2425,16,2426,36.0,2427.0,16.0,2428.0,40.0,2429.0,1.0,2430.0,42.0,0.7490060754191309
259,TEA,1970.01.01 01:21:29.421389,2418,1,2417,7,2416,13,2415,10,2414,57,2413,28,2412,13,2411,7,2410,26,2409,29,2421,1,2422,6,2423,7,2424,32,2425,16,2426,36.0,2427.0,16.0,2428.0,40.0,2429.0,1.0,2430.0,42.0,0.7372485018906312
260,TEA,1970.01.01 01:21:29.421612,2418,1,2417,10,2416,10,2415,10,2414,57,2413,28,2412,13,2411,7,2410,26,2409,29,2421,1,2422,6,2423,7,2424,32,2425,16,2426,36.0,2427.0,16.0,2428.0,40.0,2429.0,1.0,2430.0,42.0,0.7329716739083979
261,TEA,1970.01.01 01:21:29.421653,2418,1,2417,10,2416,11,2415,10,2414,57,2413,28,2412,13,2411,7,2410,26,2409,29,2421,1,2422,6,2423,7,2424,32,2425,16,2426,36.0,2427.0,16.0,2428.0,40.0,2429.0,1.0,2430.0,42.0,0.7286350876218297
262,TEA,1970.01.01 01:21:29.421790,2418,1,2417,10,2416,11,2415,10,2414,57,2413,4,2412,13,2411,7,2410,26,2409,29,2421,1,2422,6,2423,7,2424,32,2425,16,2426,36.0,2427.0,16.0,2428.0,40.0,2429.0,1.0,2430.0,42.0,0.7242376695703958
263,TEA,1970.01.01 01:21:29.422156,2418,1,2417,10,2416,11,2415,10,2414,57,2413,4,2412,13,2411,31,2410,26,2409,29,2421,1,2422,6,2423,7,2424,32,2425,16,2426,36.0,2427.0,16.0,2428.0,40.0,2429.0,1.0,2430.0,42.0,0.7197783048170724
264,TEA,1970.01.01 01:21:29.424035,2418,1,2417,10,2416,11,2415,10,2414,57,2413,4,2412,29,2411,31,2410,26,2409,29,2421,1,2422,6,2423,7,2424,32,2425,16,2426,36.0,2427.0,16.0,2428.0,40.0,2429.0,1.0,2430.0,42.0,0.7152558347160912
265,TEA,1970.01.01 01:21:29.424656,2419,4,2418,1,2417,10,2416,11,2415,10,2414,57,2413,4,2412,29,2411,31,2410,26,2421,1,2422,6,2423,7,2424,32,2425,16,2426,36.0,2427.0,16.0,2428.0,40.0,2429.0,1.0,2430.0,42.0,0.7106690545218503
267,TEA,1970.01.01 01:21:29.427893,2419,4,2418,1,2417,10,2416,11,2415,10,2414,57,2413,28,2412,29,2411,31,2410,26,2421,1,2422,6,2423,7,2424,32,2425,16,2426,36.0,2427.0,16.0,2428.0,40.0,2429.0,1.0,2430.0,42.0,0.7024308442213634
268,TEA,1970.01.01 01:21:29.431090,2419,4,2418,1,2417,10,2416,11,2415,10,2414,57,2413,28,2412,29,2411,7,2410,26,2421,1,2422,6,2423,7,2424,32,2425,16,2426,36.0,2427.0,16.0,2428.0,40.0,2429.0,1.0,2430.0,42.0,0.7024308442213634
269,TEA,1970.01.01 01:21:29.432476,2419,4,2418,1,2417,10,2416,11,2415,10,2414,57,2413,28,2412,29,2411,31,2410,26,2421,1,2422,6,2423,7,2424,32,2425,16,2426,36.0,2427.0,16.0,2428.0,40.0,2429.0,1.0,2430.0,42.0,0.7024308442213634
271,TEA,1970.01.01 01:21:29.451951,2419,4,2418,1,2417,10,2416,11,2415,10,2414,57,2413,28,2412,13,2411,31,2410,26,2421,1,2422,6,2423,7,2424,32,2425,16,2426,36.0,2427.0,16.0,2428.0,40.0,2429.0,1.0,2430.0,42.0,0.7024308442213634
272,TEA,1970.01.01 01:21:29.453523,2419,4,2418,1,2417,10,2416,11,2415,34,2414,57,2413,28,2412,13,2411,31,2410,26,2421,1,2422,6,2423,7,2424,32,2425,16,2426,36.0,2427.0,16.0,2428.0,40.0,2429.0,1.0,2430.0,42.0,0.7024308442213634
275,TEA,1970.01.01 01:21:29.453766,2419,4,2418,1,2417,10,2416,11,2415,34,2414,57,2413,4,2412,13,2411,31,2410,26,2421,1,2422,6,2423,7,2424,32,2425,16,2426,36.0,2427.0,16.0,2428.0,40.0,2429.0,1.0,2430.0,42.0,0.7024308442213634
282,TEA,1970.01.01 01:21:29.456979,2419,4,2418,1,2417,10,2416,11,2415,34,2414,57,2413,4,2412,29,2411,31,2410,26,2421,1,2422,6,2423,7,2424,32,2425,16,2426,36.0,2427.0,16.0,2428.0,40.0,2429.0,1.0,2430.0,42.0,0.7024308442213634
287,TEA,1970.01.01 01:21:29.473421,2418,1,2417,10,2416,11,2415,34,2414,57,2413,4,2412,29,2411,31,2410,26,2409,29,2421,1,2422,6,2423,7,2424,32,2425,16,2426,36.0,2427.0,16.0,2428.0,40.0,2429.0,1.0,2430.0,42.0,0.7024308442213634
288,TEA,1970.01.01 01:21:29.474766,2419,4,2418,1,2417,10,2416,11,2415,34,2414,57,2413,4,2412,29,2411,31,2410,26,2421,1,2422,6,2423,7,2424,32,2425,16,2426,36.0,2427.0,16.0,2428.0,40.0,2429.0,1.0,2430.0,42.0,0.7024308442213634
291,TEA,1970.01.01 01:21:29.491344,2419,4,2418,1,2417,10,2416,15,2415,34,2414,57,2413,4,2412,29,2411,31,2410,26,2421,1,2422,6,2423,7,2424,32,2425,16,2426,36.0,2427.0,16.0,2428.0,40.0,2429.0,1.0,2430.0,42.0,0.6940584786036318
296,TEA,1970.01.01 01:21:29.501745,2419,4,2418,1,2417,10,2416,15,2415,10,2414,57,2413,4,2412,29,2411,31,2410,26,2421,1,2422,6,2423,7,2424,32,2425,16,2426,36.0,2427.0,16.0,2428.0,40.0,2429.0,1.0,2430.0,42.0,0.6855470424990049
297,TEA,1970.01.01 01:21:29.502126,2419,4,2418,1,2417,10,2416,15,2415,10,2414,57,2413,28,2412,29,2411,31,2410,26,2421,1,2422,6,2423,7,2424,32,2425,16,2426,36.0,2427.0,16.0,2428.0,40.0,2429.0,1.0,2430.0,42.0,0.6768912897845346
299,TEA,1970.01.01 01:21:29.515704,2418,1,2417,10,2416,15,2415,10,2414,57,2413,28,2412,29,2411,31,2410,26,2409,29,2421,1,2422,6,2423,7,2424,32,2425,16,2426,36.0,2427.0,16.0,2428.0,40.0,2429.0,1.0,2430.0,42.0,0.6680856111627484
300,TEA,1970.01.01 01:21:29.517029,2419,4,2418,1,2417,10,2416,15,2415,10,2414,57,2413,28,2412,29,2411,31,2410,26,2421,1,2422,6,2423,7,2424,32,2425,16,2426,36.0,2427.0,16.0,2428.0,40.0,2429.0,1.0,2430.0,42.0,0.6768912897845346
305,TEA,1970.01.01 01:21:29.550158,2418,1,2417,10,2416,15,2415,10,2414,57,2413,28,2412,29,2411,31,2410,26,2409,29,2419,20,2421,1,2422,6,2423,7,2424,32,2425,16.0,2426.0,36.0,2427.0,16.0,2428.0,40.0,2429.0,1.0,0.6768912897845346
306,TEA,1970.01.01 01:21:29.550333,2418,1,2417,10,2416,15,2415,10,2414,57,2413,28,2412,29,2411,31,2410,26,2409,29,2419,20,2420,1,2421,1,2422,6,2423,7,2424,32.0,2425.0,16.0,2426.0,36.0,2427.0,16.0,2428.0,40.0,0.6915616933882537
307,TEA,1970.01.01 01:21:29.550353,2418,1,2417,9,2416,15,2415,10,2414,57,2413,28,2412,29,2411,31,2410,26,2409,29,2419,20,2420,1,2421,1,2422,5,2423,7,2424,32.0,2425.0,16.0,2426.0,36.0,2427.0,16.0,2428.0,40.0,0.7056052635031471
308,TEA,1970.01.01 01:21:29.550411,2418,1,2417,6,2416,15,2415,10,2414,57,2413,28,2412,29,2411,31,2410,26,2409,29,2419,20,2420,1,2421,1,2422,5,2423,7,2424,32.0,2425.0,16.0,2426.0,36.0,2427.0,16.0,2428.0,40.0,0.719058728164898
309,TEA,1970.01.01 01:21:29.550431,2417,6,2416,15,2415,10,2414,57,2413,28,2412,29,2411,31,2410,26,2409,29,2408,34,2419,20,2420,1,2421,1,2422,5,2423,7,2424,32.0,2425.0,16.0,2426.0,36.0,2427.0,16.0,2428.0,40.0,0.7319546268467424
310,TEA,1970.01.01 01:21:29.550457,2417,6,2416,14,2415,10,2414,57,2413,28,2412,29,2411,31,2410,26,2409,29,2408,34,2419,20,2420,1,2421,1,2422,5,2423,7,2424,32.0,2425.0,16.0,2426.0,36.0,2427.0,16.0,2428.0,40.0,0.7415517445896278
311,TEA,1970.01.01 01:21:29.550609,2417,4,2416,14,2415,10,2414,57,2413,28,2412,29,2411,31,2410,26,2409,29,2408,34,2419,20,2420,1,2421,1,2422,5,2423,7,2424,32.0,2425.0,16.0,2426.0,36.0,2427.0,16.0,2428.0,40.0,0.7504880566920483
312,TEA,1970.01.01 01:21:29.551584,2417,4,2416,14,2415,10,2414,57,2413,28,2412,29,2411,31,2410,26,2409,29,2408,34,2419,16,2420,1,2421,1,2422,5,2423,7,2424,32.0,2425.0,16.0,2426.0,36.0,2427.0,16.0,2428.0,40.0,0.7587869106427797
313,TEA,1970.01.01 01:21:29.551720,2417,4,2416,14,2415,10,2414,57,2413,28,2412,29,2411,31,2410,26,2409,29,2408,34,2419,16,2421,1,2422,5,2423,7,2424,32,2425,16.0,2426.0,36.0,2427.0,16.0,2428.0,40.0,2429.0,1.0,0.7664690127331568
314,TEA,1970.01.01 01:21:29.551740,2417,4,2416,14,2415,10,2414,57,2413,28,2412,29,2411,31,2410,26,2409,29,2408,34,2419,16,2421,2,2422,5,2423,7,2424,33,2425,16.0,2426.0,36.0,2427.0,16.0,2428.0,40.0,2429.0,1.0,0.7735527379496413
315,TEA,1970.01.01 01:21:29.553090,2417,4,2416,14,2415,10,2414,57,2413,28,2412,29,2411,31,2410,26,2409,29,2408,34,2419,12,2421,2,2422,5,2423,7,2424,33,2425,16.0,2426.0,36.0,2427.0,16.0,2428.0,40.0,2429.0,1.0,0.7800543881618466
316,TEA,1970.01.01 01:21:29.553208,2417,4,2416,14,2415,10,2414,57,2413,28,2412,29,2411,31,2410,26,2409,29,2408,34,2419,12,2421,1,2422,5,2423,7,2424,33,2425,16.0,2426.0,36.0,2427.0,16.0,2428.0,40.0,2429.0,1.0,0.785988408173835
317,TEA,1970.01.01 01:21:29.553228,2417,4,2416,14,2415,10,2414,57,2413,28,2412,29,2411,31,2410,26,2409,29,2408,34,2419,12,2421,1,2422,6,2423,7,2424,33,2425,16.0,2426.0,36.0,2427.0,16.0,2428.0,40.0,2429.0,1.0,0.7913675671068692
321,TEA,1970.01.01 01:21:29.567073,2417,4,2416,14,2415,34,2414,57,2413,28,2412,29,2411,31,2410,26,2409,29,2408,34,2419,12,2421,1,2422,6,2423,7,2424,33,2425,16.0,2426.0,36.0,2427.0,16.0,2428.0,40.0,2429.0,1.0,0.7962031109871218
322,TEA,1970.01.01 01:21:29.567691,2417,4,2416,14,2415,34,2414,57,2413,4,2412,29,2411,31,2410,26,2409,29,2408,34,2419,12,2421,1,2422,6,2423,7,2424,33,2425,16.0,2426.0,36.0,2427.0,16.0,2428.0,40.0,2429.0,1.0,0.8005048911870665
323,TEA,1970.01.01 01:21:29.569737,2417,4,2416,14,2415,10,2414,57,2413,4,2412,29,2411,31,2410,26,2409,29,2408,34,2419,12,2421,1,2422,6,2423,7,2424,33,2425,16.0,2426.0,36.0,2427.0,16.0,2428.0,40.0,2429.0,1.0,0.8042814724181971
325,TEA,1970.01.01 01:21:29.570206,2417,4,2416,14,2415,10,2414,57,2413,28,2412,29,2411,31,2410,26,2409,29,2408,34,2419,12,2421,1,2422,6,2423,7,2424,33,2425,16.0,2426.0,36.0,2427.0,16.0,2428.0,40.0,2429.0,1.0,0.8075402232259821
378,TEA,1970.01.01 01:21:29.897027,2417,4,2416,14,2415,10,2414,57,2413,28,2412,29,2411,31,2410,26,2409,29,2408,34,2419,12,2421,1,2422,6,2423,6,2424,33,2425,16.0,2426.0,36.0,2427.0,16.0,2428.0,40.0,2429.0,1.0,0.81028739134487
379,TEA,1970.01.01 01:21:29.899813,2417,4,2416,15,2415,10,2414,57,2413,28,2412,29,2411,31,2410,26,2409,29,2408,34,2419,12,2421,1,2422,6,2423,6,2424,33,2425,16.0,2426.0,36.0,2427.0,16.0,2428.0,40.0,2429.0,1.0,0.8125281657942698
380,TEA,1970.01.01 01:21:29.922317,2417,4,2416,15,2415,10,2414,57,2413,28,2412,29,2411,31,2410,26,2409,29,2408,34,2419,16,2421,1,2422,6,2423,6,2424,33,2425,16.0,2426.0,36.0,2427.0,16.0,2428.0,40.0,2429.0,1.0,0.8142667272076429
381,TEA,1970.01.01 01:21:29.922448,2417,4,2416,15,2415,10,2414,57,2413,28,2412,29,2411,31,2410,26,2409,29,2408,34,2419,16,2421,2,2422,6,2423,6,2424,33,2425,16.0,2426.0,36.0,2427.0,16.0,2428.0,40.0,2429.0,1.0,0.8155062875648547
382,TEA,1970.01.01 01:21:29.922468,2417,4,2416,15,2415,10,2414,57,2413,28,2412,29,2411,31,2410,26,2409,29,2408,34,2419,16,2421,2,2422,5,2423,6,2424,33,2425,16.0,2426.0,36.0,2427.0,16.0,2428.0,40.0,2429.0,1.0,0.8162491202262315
385,TEA,1970.01.01 01:21:29.973027,2417,4,2416,15,2415,10,2414,57,2413,28,2412,29,2411,31,2410,26,2409,29,2408,34,2419,16,2421,2,2422,5,2423,6,2424,28,2425,16.0,2426.0,36.0,2427.0,16.0,2428.0,40.0,2429.0,1.0,0.8164965809324018
387,TEA,1970.01.01 01:21:29.983240,2417,8,2416,15,2415,10,2414,57,2413,28,2412,29,2411,31,2410,26,2409,29,2408,34,2419,16,2421,2,2422,5,2423,6,2424,28,2425,16.0,2426.0,36.0,2427.0,16.0,2428.0,40.0,2429.0,1.0,0.816249120226434
392,TEA,1970.01.01 01:21:30.002584,2417,8,2416,15,2415,34,2414,57,2413,28,2412,29,2411,31,2410,26,2409,29,2408,34,2419,16,2421,2,2422,5,2423,6,2424,28,2425,16.0,2426.0,36.0,2427.0,16.0,2428.0,40.0,2429.0,1.0,0.8155062875652602
393,TEA,1970.01.01 01:21:30.003207,2417,8,2416,15,2415,34,2414,57,2413,4,2412,29,2411,31,2410,26,2409,29,2408,34,2419,16,2421,2,2422,5,2423,6,2424,28,2425,16.0,2426.0,36.0,2427.0,16.0,2428.0,40.0,2429.0,1.0,0.8142667272082521
397,TEA,1970.01.01 01:21:30.021772,2417,8,2416,15,2415,34,2414,57,2413,28,2412,29,2411,31,2410,26,2409,29,2408,34,2419,16,2421,2,2422,5,2423,6,2424,28,2425,16.0,2426.0,36.0,2427.0,16.0,2428.0,40.0,2429.0,1.0,0.8125281657950838
398,TEA,1970.01.01 01:21:30.024656,2417,8,2416,15,2415,34,2414,57,2413,28,2412,13,2411,31,2410,26,2409,29,2408,34,2419,16,2421,2,2422,5,2423,6,2424,28,2425,16.0,2426.0,36.0,2427.0,16.0,2428.0,40.0,2429.0,1.0,0.8102873913458905
399,TEA,1970.01.01 01:21:30.031450,2417,8,2416,15,2415,34,2414,57,2413,28,2412,29,2411,31,2410,26,2409,29,2408,34,2419,16,2421,2,2422,5,2423,6,2424,28,2425,16.0,2426.0,36.0,2427.0,16.0,2428.0,40.0,2429.0,1.0,0.8075402232272106
400,TEA,1970.01.01 01:21:30.034341,2417,8,2416,15,2415,34,2414,57,2413,28,2412,29,2411,31,2410,26,2409,29,2408,34,2419,16,2421,2,2422,5,2423,6,2424,12,2425,16.0,2426.0,36.0,2427.0,16.0,2428.0,40.0,2429.0,1.0,0.8042814724196362
401,TEA,1970.01.01 01:21:30.051625,2417,8,2416,15,2415,34,2414,57,2413,28,2412,29,2411,31,2410,26,2409,29,2408,34,2419,16,2421,2,2422,5,2423,6,2424,12,2425,16.0,2426.0,20.0,2427.0,16.0,2428.0,40.0,2429.0,1.0,0.8005048911887191
402,TEA,1970.01.01 01:21:30.051771,2417,8,2416,15,2415,34,2414,57,2413,28,2412,29,2411,31,2410,26,2409,29,2408,34,2419,16,2421,2,2422,5,2423,6,2424,12,2425,16.0,2426.0,21.0,2427.0,16.0,2428.0,40.0,2429.0,1.0,0.7962031109889911
403,TEA,1970.01.01 01:21:30.053767,2417,8,2416,15,2415,34,2414,57,2413,28,2412,29,2411,31,2410,26,2409,29,2408,34,2419,28,2421,2,2422,5,2423,6,2424,12,2425,16.0,2426.0,21.0,2427.0,16.0,2428.0,40.0,2429.0,1.0,0.7913675671089587
404,TEA,1970.01.01 01:21:30.054373,2417,8,2416,15,2415,34,2414,57,2413,28,2412,29,2411,31,2410,26,2409,29,2408,34,2419,28,2421,26,2422,5,2423,6,2424,12,2425,16.0,2426.0,21.0,2427.0,16.0,2428.0,40.0,2429.0,1.0,0.7859884081761492
405,TEA,1970.01.01 01:21:30.054508,2417,8,2416,15,2415,34,2414,57,2413,28,2412,29,2411,31,2410,26,2409,29,2408,34,2419,28,2421,26,2422,6,2423,6,2424,12,2425,16.0,2426.0,21.0,2427.0,16.0,2428.0,40.0,2429.0,1.0,0.7800543881643904
406,TEA,1970.01.01 01:21:30.054984,2417,8,2416,15,2415,34,2414,57,2413,28,2412,29,2411,31,2410,26,2409,29,2408,34,2419,28,2421,26,2422,6,2423,30,2424,12,2425,16.0,2426.0,21.0,2427.0,16.0,2428.0,40.0,2429.0,1.0,0.7703305075867737
414,TEA,1970.01.01 01:21:30.087874,2417,7,2416,15,2415,34,2414,57,2413,28,2412,29,2411,31,2410,26,2409,29,2408,34,2419,28,2421,26,2422,6,2423,30,2424,12,2425,16.0,2426.0,21.0,2427.0,16.0,2428.0,40.0,2429.0,1.0,0.7602996485369755
415,TEA,1970.01.01 01:21:30.089629,2417,7,2416,15,2415,34,2414,57,2413,4,2412,29,2411,31,2410,26,2409,29,2408,34,2419,28,2421,26,2422,6,2423,30,2424,12,2425,16.0,2426.0,21.0,2427.0,16.0,2428.0,40.0,2429.0,1.0,0.7500000000066507
416,TEA,1970.01.01 01:21:30.090836,2417,7,2416,15,2415,34,2414,57,2413,28,2412,29,2411,31,2410,26,2409,29,2408,34,2419,28,2421,26,2422,6,2423,30,2424,12,2425,16.0,2426.0,21.0,2427.0,16.0,2428.0,40.0,2429.0,1.0,0.739420329888541
417,TEA,1970.01.01 01:21:30.091642,2417,7,2416,15,2415,34,2414,57,2413,28,2412,29,2411,31,2410,26,2409,29,2408,34,2419,28,2421,26,2422,6,2423,30,2424,12,2425,16.0,2426.0,37.0,2427.0,16.0,2428.0,40.0,2429.0,1.0,0.7285484392220994
418,TEA,1970.01.01 01:21:30.092278,2417,7,2416,15,2415,34,2414,57,2413,28,2412,29,2411,31,2410,26,2409,29,2408,34,2419,28,2421,26,2422,6,2423,30,2424,28,2425,16.0,2426.0,37.0,2427.0,16.0,2428.0,40.0,2429.0,1.0,0.7173710421611754
419,TEA,1970.01.01 01:21:30.097238,2417,7,2416,15,2415,34,2414,57,2413,4,2412,29,2411,31,2410,26,2409,29,2408,34,2419,28,2421,26,2422,6,2423,30,2424,28,2425,16.0,2426.0,37.0,2427.0,16.0,2428.0,40.0,2429.0,1.0,0.7058736259188608
420,TEA,1970.01.01 01:21:30.098159,2417,7,2416,15,2415,34,2414,57,2413,28,2412,29,2411,31,2410,26,2409,29,2408,34,2419,28,2421,26,2422,6,2423,30,2424,28,2425,16.0,2426.0,37.0,2427.0,16.0,2428.0,40.0,2429.0,1.0,0.6940402864403797
421,TEA,1970.01.01 01:21:30.105021,2417,7,2416,15,2415,10,2414,57,2413,28,2412,29,2411,31,2410,26,2409,29,2408,34,2419,28,2421,26,2422,6,2423,30,2424,28,2425,16.0,2426.0,37.0,2427.0,16.0,2428.0,40.0,2429.0,1.0,0.6818535344446226
422,TEA,1970.01.01 01:21:30.111893,2417,7,2416,15,2415,34,2414,57,2413,28,2412,29,2411,31,2410,26,2409,29,2408,34,2419,28,2421,26,2422,6,2423,30,2424,28,2425,16.0,2426.0,37.0,2427.0,16.0,2428.0,40.0,2429.0,1.0,0.6692940650155053
423,TEA,1970.01.01 01:21:30.116770,2417,7,2416,15,2415,34,2414,57,2413,28,2412,29,2411,31,2410,26,2409,29,2408,34,2419,28,2421,26,2422,6,2423,30,2424,12,2425,16.0,2426.0,37.0,2427.0,16.0,2428.0,40.0,2429.0,1.0,0.6563404819857678
424,TEA,1970.01.01 01:21:30.120613,2417,7,2416,15,2415,34,2414,57,2413,4,2412,29,2411,31,2410,26,2409,29,2408,34,2419,28,2421,26,2422,6,2423,30,2424,12,2425,16.0,2426.0,37.0,2427.0,16.0,2428.0,40.0,2429.0,1.0,0.6450080259546594
425,TEA,1970.01.01 01:21:30.120971,2417,7,2416,15,2415,10,2414,57,2413,4,2412,29,2411,31,2410,26,2409,29,2408,34,2419,28,2421,26,2422,6,2423,30,2424,12,2425,16.0,2426.0,37.0,2427.0,16.0,2428.0,40.0,2429.0,1.0,0.6396021490751846
426,TEA,1970.01.01 01:21:30.121569,2417,7,2416,15,2415,10,2414,57,2413,28,2412,29,2411,31,2410,26,2409,29,2408,34,2419,28,2421,26,2422,6,2423,30,2424,12,2425,16.0,2426.0,37.0,2427.0,16.0,2428.0,40.0,2429.0,1.0,0.633153882081309
427,TEA,1970.01.01 01:21:30.122537,2417,7,2416,15,2415,10,2414,57,2413,28,2412,29,2411,31,2410,26,2409,29,2408,34,2419,24,2421,26,2422,6,2423,30,2424,12,2425,16.0,2426.0,37.0,2427.0,16.0,2428.0,40.0,2429.0,1.0,0.6256309946166657
428,TEA,1970.01.01 01:21:30.124302,2417,7,2416,15,2415,34,2414,57,2413,28,2412,29,2411,31,2410,26,2409,29,2408,34,2419,24,2421,26,2422,6,2423,30,2424,12,2425,16.0,2426.0,37.0,2427.0,16.0,2428.0,40.0,2429.0,1.0,0.6169941800315575
431,TEA,1970.01.01 01:21:30.137988,2417,7,2416,15,2415,34,2414,57,2413,28,2412,29,2411,31,2410,26,2409,29,2408,34,2419,24,2421,26,2422,6,2423,30,2424,28,2425,16.0,2426.0,37.0,2427.0,16.0,2428.0,40.0,2429.0,1.0,0.6071959063580374
434,TEA,1970.01.01 01:21:30.169241,2417,7,2416,15,2415,34,2414,57,2413,28,2412,29,2411,31,2410,26,2409,29,2408,34,2419,24,2421,26,2422,6,2423,30,2424,12,2425,16.0,2426.0,37.0,2427.0,16.0,2428.0,40.0,2429.0,1.0,0.5961789101775342
436,TEA,1970.01.01 01:21:30.180074,2417,7,2416,15,2415,34,2414,57,2413,28,2412,29,2411,31,2410,26,2409,29,2408,34,2419,12,2421,26,2422,6,2423,30,2424,12,2425,16.0,2426.0,37.0,2427.0,16.0,2428.0,40.0,2429.0,1.0,0.5838742081307885
437,TEA,1970.01.01 01:21:30.180099,2417,7,2416,15,2415,34,2414,57,2413,28,2412,29,2411,31,2410,26,2409,29,2408,34,2419,4,2421,26,2422,6,2423,30,2424,12,2425,16.0,2426.0,37.0,2427.0,16.0,2428.0,40.0,2429.0,1.0,0.5641656036078053
438,TEA,1970.01.01 01:21:30.180255,2417,7,2416,15,2415,34,2414,57,2413,28,2412,29,2411,31,2410,26,2409,29,2408,34,2421,26,2422,6,2423,31,2424,12,2425,16,2426,37.0,2427.0,16.0,2428.0,40.0,2429.0,1.0,2430.0,42.0,0.5414859838614974
439,TEA,1970.01.01 01:21:30.180310,2417,7,2416,15,2415,34,2414,57,2413,28,2412,29,2411,31,2410,26,2409,29,2408,34,2420,2,2421,26,2422,6,2423,31,2424,12,2425,16.0,2426.0,37.0,2427.0,16.0,2428.0,40.0,2429.0,1.0,0.5383288769974915
440,TEA,1970.01.01 01:21:30.180409,2417,8,2416,15,2415,34,2414,57,2413,28,2412,29,2411,31,2410,26,2409,29,2408,34,2420,2,2421,26,2422,6,2423,31,2424,12,2425,16.0,2426.0,37.0,2427.0,16.0,2428.0,40.0,2429.0,1.0,0.5270462767055754
441,TEA,1970.01.01 01:21:30.180509,2417,8,2416,15,2415,34,2414,57,2413,28,2412,29,2411,31,2410,26,2409,29,2408,34,2421,26,2422,6,2423,31,2424,12,2425,16,2426,37.0,2427.0,16.0,2428.0,40.0,2429.0,1.0,2430.0,42.0,0.5153208278024621
444,TEA,1970.01.01 01:21:30.201575,2417,4,2416,15,2415,34,2414,57,2413,28,2412,29,2411,31,2410,26,2409,29,2408,34,2421,26,2422,6,2423,31,2424,12,2425,16,2426,37.0,2427.0,16.0,2428.0,40.0,2429.0,1.0,2430.0,42.0,0.5130617148490085
445,TEA,1970.01.01 01:21:30.205008,2417,4,2416,15,2415,34,2414,57,2413,28,2412,29,2411,31,2410,26,2409,29,2408,34,2421,26,2422,6,2423,31,2424,28,2425,16,2426,37.0,2427.0,16.0,2428.0,40.0,2429.0,1.0,2430.0,42.0,0.5105948204972033
452,TEA,1970.01.01 01:21:30.227067,2417,4,2416,15,2415,34,2414,57,2413,28,2412,29,2411,31,2410,26,2409,29,2408,34,2421,26,2422,6,2423,31,2424,12,2425,16,2426,37.0,2427.0,16.0,2428.0,40.0,2429.0,1.0,2430.0,42.0,0.5079171172458282
453,TEA,1970.01.01 01:21:30.227332,2417,4,2416,15,2415,34,2414,73,2413,28,2412,29,2411,31,2410,26,2409,29,2408,34,2421,26,2422,6,2423,31,2424,12,2425,16,2426,37.0,2427.0,16.0,2428.0,40.0,2429.0,1.0,2430.0,42.0,0.5050252519053171
454,TEA,1970.01.01 01:21:30.227917,2417,4,2416,15,2415,34,2414,73,2413,28,2412,29,2411,31,2410,26,2409,29,2408,34,2421,26,2422,6,2423,31,2424,12,2425,16,2426,21.0,2427.0,16.0,2428.0,40.0,2429.0,1.0,2430.0,42.0,0.5077928075160895
455,TEA,1970.01.01 01:21:30.230561,2417,4,2416,15,2415,34,2414,73,2413,28,2412,29,2411,31,2410,26,2409,29,2408,34,2421,26,2422,6,2423,31,2424,12,2425,16,2426,37.0,2427.0,16.0,2428.0,40.0,2429.0,1.0,2430.0,42.0,0.5043998333968168
456,TEA,1970.01.01 01:21:30.232219,2417,4,2416,15,2415,34,2414,57,2413,28,2412,29,2411,31,2410,26,2409,29,2408,34,2421,26,2422,6,2423,31,2424,12,2425,16,2426,37.0,2427.0,16.0,2428.0,40.0,2429.0,1.0,2430.0,42.0,0.5007822164318301
470,TEA,1970.01.01 01:21:30.239334,2417,4,2416,15,2415,34,2414,73,2413,28,2412,29,2411,31,2410,26,2409,29,2408,34,2421,26,2422,6,2423,31,2424,12,2425,16,2426,37.0,2427.0,16.0,2428.0,40.0,2429.0,1.0,2430.0,42.0,0.5025189076410997
471,TEA,1970.01.01 01:21:30.239358,2417,4,2416,15,2415,34,2414,57,2413,28,2412,29,2411,31,2410,26,2409,29,2408,34,2421,26,2422,6,2423,31,2424,12,2425,16,2426,37.0,2427.0,16.0,2428.0,40.0,2429.0,1.0,2430.0,42.0,0.5037987011939296
472,TEA,1970.01.01 01:21:30.239380,2417,4,2416,15,2415,34,2414,73,2413,28,2412,29,2411,31,2410,26,2409,29,2408,34,2421,26,2422,6,2423,31,2424,12,2425,16,2426,37.0,2427.0,16.0,2428.0,40.0,2429.0,1.0,2430.0,42.0,0.5046250733545005
475,TEA,1970.01.01 01:21:30.252046,2417,4,2416,15,2415,34,2414,73,2413,28,2412,29,2411,31,2410,26,2409,29,2408,34,2421,26,2422,6,2423,31,2424,28,2425,16,2426,37.0,2427.0,16.0,2428.0,40.0,2429.0,1.0,2430.0,42.0,0.5050002500364114
480,TEA,1970.01.01 01:21:30.275526,2417,28,2416,15,2415,34,2414,73,2413,28,2412,29,2411,31,2410,26,2409,29,2408,34,2421,26,2422,6,2423,31,2424,28,2425,16,2426,37.0,2427.0,16.0,2428.0,40.0,2429.0,1.0,2430.0,42.0,0.5049252370015778
481,TEA,1970.01.01 01:21:30.276011,2417,28,2416,15,2415,10,2414,73,2413,28,2412,29,2411,31,2410,26,2409,29,2408,34,2421,26,2422,6,2423,31,2424,28,2425,16,2426,37.0,2427.0,16.0,2428.0,40.0,2429.0,1.0,2430.0,42.0,0.5043998333968988
482,TEA,1970.01.01 01:21:30.278516,2417,4,2416,15,2415,10,2414,73,2413,28,2412,29,2411,31,2410,26,2409,29,2408,34,2421,26,2422,6,2423,31,2424,28,2425,16,2426,37.0,2427.0,16.0,2428.0,40.0,2429.0,1.0,2430.0,42.0,0.5034226290563402
483,TEA,1970.01.01 01:21:30.279677,2417,4,2416,15,2415,34,2414,73,2413,28,2412,29,2411,31,2410,26,2409,29,2408,34,2421,26,2422,6,2423,31,2424,28,2425,16,2426,37.0,2427.0,16.0,2428.0,40.0,2429.0,1.0,2430.0,42.0,0.5019909854834389
485,TEA,1970.01.01 01:21:30.284244,2417,4,2416,15,2415,34,2414,73,2413,28,2412,29,2411,31,2410,26,2409,29,2408,34,2421,26,2422,6,2423,31,2424,28,2425,11,2426,37.0,2427.0,16.0,2428.0,40.0,2429.0,1.0,2430.0,42.0,0.5001009999117471
486,TEA,1970.01.01 01:21:30.284264,2417,4,2416,15,2415,34,2414,73,2413,28,2412,29,2411,31,2410,26,2409,29,2408,34,2421,26,2422,6,2423,31,2424,28,2425,6,2426,37.0,2427.0,16.0,2428.0,40.0,2429.0,1.0,2430.0,42.0,0.4977474512885854
487,TEA,1970.01.01 01:21:30.286757,2417,4,2416,15,2415,34,2414,73,2413,28,2412,29,2411,31,2410,26,2409,29,2408,34,2421,26,2422,6,2423,31,2424,12,2425,6,2426,37.0,2427.0,16.0,2428.0,40.0,2429.0,1.0,2430.0,42.0,0.4949237264077108
488,TEA,1970.01.01 01:21:30.286836,2417,4,2416,15,2415,34,2414,73,2413,28,2412,29,2411,31,2410,26,2409,29,2408,34,2421,26,2422,22,2423,31,2424,12,2425,6,2426,37.0,2427.0,16.0,2428.0,40.0,2429.0,1.0,2430.0,26.0,0.4916217236898354
489,TEA,1970.01.01 01:21:30.286856,2417,4,2416,15,2415,34,2414,73,2413,28,2412,29,2411,31,2410,26,2409,29,2408,34,2421,26,2422,22,2423,31,2424,12,2425,6,2426,37.0,2427.0,16.0,2428.0,40.0,2429.0,1.0,2430.0,42.0,0.4878317312267556
490,TEA,1970.01.01 01:21:30.286905,2417,4,2416,15,2415,34,2414,73,2413,28,2412,29,2411,31,2410,26,2409,29,2408,34,2421,26,2422,6,2423,31,2424,12,2425,6,2426,37.0,2427.0,16.0,2428.0,40.0,2429.0,1.0,2430.0,58.0,0.4835422745997298
491,TEA,1970.01.01 01:21:30.286929,2417,4,2416,15,2415,34,2414,73,2413,28,2412,29,2411,31,2410,26,2409,29,2408,34,2421,26,2422,6,2423,31,2424,12,2425,6,2426,37.0,2427.0,16.0,2428.0,40.0,2429.0,1.0,2430.0,42.0,0.4787399285665716
492,TEA,1970.01.01 01:21:30.294259,2417,28,2416,15,2415,34,2414,73,2413,28,2412,29,2411,31,2410,26,2409,29,2408,34,2421,26,2422,6,2423,31,2424,12,2425,6,2426,37.0,2427.0,16.0,2428.0,40.0,2429.0,1.0,2430.0,42.0,0.4734090848602611
493,TEA,1970.01.01 01:21:30.295449,2417,28,2416,15,2415,10,2414,73,2413,28,2412,29,2411,31,2410,26,2409,29,2408,34,2421,26,2422,6,2423,31,2424,12,2425,6,2426,37.0,2427.0,16.0,2428.0,40.0,2429.0,1.0,2430.0,42.0,0.4675316658772882
494,TEA,1970.01.01 01:21:30.296442,2417,28,2416,15,2415,34,2414,73,2413,28,2412,29,2411,31,2410,26,2409,29,2408,34,2421,26,2422,6,2423,31,2424,12,2425,6,2426,37.0,2427.0,16.0,2428.0,40.0,2429.0,1.0,2430.0,42.0,0.4610867706985453
497,TEA,1970.01.01 01:21:30.314648,2417,28,2416,15,2415,34,2414,73,2413,28,2412,29,2411,31,2410,26,2409,29,2408,34,2421,2,2422,6,2423,31,2424,12,2425,6,2426,37.0,2427.0,16.0,2428.0,40.0,2429.0,1.0,2430.0,42.0,0.45089697362072495
498,TEA,1970.01.01 01:21:30.314809,2417,28,2416,15,2415,34,2414,73,2413,28,2412,29,2411,31,2410,26,2409,29,2408,34,2422,6,2423,31,2424,12,2425,6,2426,37,2427,16.0,2428.0,40.0,2429.0,1.0,2430.0,42.0,2431.0,2.0,0.4402421280675216
499,TEA,1970.01.01 01:21:30.314956,2418,1,2417,28,2416,15,2415,34,2414,73,2413,28,2412,29,2411,31,2410,26,2409,29,2422,6,2423,31,2424,12,2425,6,2426,37,2427,16.0,2428.0,40.0,2429.0,1.0,2430.0,42.0,2431.0,2.0,0.4376244411906847
500,TEA,1970.01.01 01:21:30.315183,2418,1,2417,28,2416,15,2415,34,2414,73,2413,28,2412,29,2411,31,2410,26,2409,29,2422,8,2423,31,2424,12,2425,6,2426,37,2427,16.0,2428.0,40.0,2429.0,1.0,2430.0,42.0,2431.0,2.0,0.4376244411906847
502,TEA,1970.01.01 01:21:30.318764,2418,1,2417,28,2416,15,2415,10,2414,73,2413,28,2412,29,2411,31,2410,26,2409,29,2422,8,2423,31,2424,12,2425,6,2426,37,2427,16.0,2428.0,40.0,2429.0,1.0,2430.0,42.0,2431.0,2.0,0.4376244411906847
503,TEA,1970.01.01 01:21:30.320600,2418,1,2417,4,2416,15,2415,10,2414,73,2413,28,2412,29,2411,31,2410,26,2409,29,2422,8,2423,31,2424,12,2425,6,2426,37,2427,16.0,2428.0,40.0,2429.0,1.0,2430.0,42.0,2431.0,2.0,0.4402421280675216
504,TEA,1970.01.01 01:21:30.321131,2418,1,2417,4,2416,15,2415,34,2414,73,2413,28,2412,29,2411,31,2410,26,2409,29,2422,8,2423,31,2424,12,2425,6,2426,37,2427,16.0,2428.0,40.0,2429.0,1.0,2430.0,42.0,2431.0,2.0,0.4427873147154004
509,TEA,1970.01.01 01:21:30.350675,2418,1,2417,4,2416,15,2415,34,2414,73,2413,28,2412,29,2411,31,2410,26,2409,29,2422,8,2423,31,2424,28,2425,6,2426,37,2427,16.0,2428.0,40.0,2429.0,1.0,2430.0,42.0,2431.0,2.0,0.4427873147154004
513,TEA,1970.01.01 01:21:30.371464,2418,1,2417,4,2416,15,2415,34,2414,73,2413,28,2412,29,2411,31,2410,26,2409,29,2422,8,2423,31,2424,12,2425,6,2426,37,2427,16.0,2428.0,40.0,2429.0,1.0,2430.0,42.0,2431.0,2.0,0.4459412925217008
514,TEA,1970.01.01 01:21:30.371619,2418,1,2417,4,2416,15,2415,34,2414,73,2413,28,2412,29,2411,31,2410,26,2409,29,2421,1,2422,8,2423,31,2424,12,2425,6,2426,37.0,2427.0,16.0,2428.0,40.0,2429.0,1.0,2430.0,42.0,0.4490168834559221
515,TEA,1970.01.01 01:21:30.371831,2418,1,2417,4,2416,15,2415,34,2414,73,2413,28,2412,29,2411,31,2410,26,2409,29,2421,1,2422,6,2423,31,2424,12,2425,6,2426,37.0,2427.0,16.0,2428.0,40.0,2429.0,1.0,2430.0,42.0,0.4493541942961405
516,TEA,1970.01.01 01:21:30.371864,2418,1,2417,7,2416,15,2415,34,2414,73,2413,28,2412,29,2411,31,2410,26,2409,29,2421,1,2422,6,2423,31,2424,12,2425,6,2426,37.0,2427.0,16.0,2428.0,40.0,2429.0,1.0,2430.0,42.0,0.4494665749892571
517,TEA,1970.01.01 01:21:30.374102,2418,1,2417,7,2416,15,2415,34,2414,73,2413,28,2412,29,2411,31,2410,26,2409,29,2421,1,2422,6,2423,31,2424,28,2425,6,2426,37.0,2427.0,16.0,2428.0,40.0,2429.0,1.0,2430.0,42.0,0.4493541942962019
518,TEA,1970.01.01 01:21:30.379205,2418,2,2417,7,2416,15,2415,34,2414,73,2413,28,2412,29,2411,31,2410,26,2409,29,2421,1,2422,6,2423,31,2424,28,2425,6,2426,37.0,2427.0,16.0,2428.0,40.0,2429.0,1.0,2430.0,42.0,0.457126510363466
520,TEA,1970.01.01 01:21:30.379361,2418,2,2417,7,2416,15,2415,34,2414,73,2413,28,2412,29,2411,31,2410,26,2409,29,2422,6,2423,31,2424,28,2425,6,2426,37,2427,16.0,2428.0,40.0,2429.0,1.0,2430.0,42.0,2431.0,2.0,0.4642796092529044
521,TEA,1970.01.01 01:21:30.379577,2418,2,2417,4,2416,15,2415,34,2414,73,2413,28,2412,29,2411,31,2410,26,2409,29,2422,6,2423,31,2424,28,2425,6,2426,37,2427,16.0,2428.0,40.0,2429.0,1.0,2430.0,42.0,2431.0,2.0,0.4740753893211235
522,TEA,1970.01.01 01:21:30.379599,2418,2,2417,4,2416,15,2415,34,2414,73,2413,28,2412,29,2411,31,2410,26,2409,29,2422,8,2423,31,2424,28,2425,6,2426,37,2427,16.0,2428.0,40.0,2429.0,1.0,2430.0,42.0,2431.0,2.0,0.4834639322120064
524,TEA,1970.01.01 01:21:30.394262,2418,2,2417,4,2416,15,2415,34,2414,73,2413,28,2412,29,2411,31,2410,26,2409,29,2422,8,2423,31,2424,12,2425,6,2426,37,2427,16.0,2428.0,40.0,2429.0,1.0,2430.0,42.0,2431.0,2.0,0.4924685294897447
530,TEA,1970.01.01 01:21:30.474798,2418,2,2417,4,2416,15,2415,34,2414,73,2413,28,2412,29,2411,31,2410,26,2409,29,2422,8,2423,31,2424,28,2425,6,2426,37,2427,16.0,2428.0,40.0,2429.0,1.0,2430.0,42.0,2431.0,2.0,0.5011098792916211
531,TEA,1970.01.01 01:21:30.476082,2418,2,2417,4,2416,15,2415,34,2414,73,2413,28,2412,29,2411,31,2410,26,2409,29,2422,8,2423,31,2424,12,2425,6,2426,37,2427,16.0,2428.0,40.0,2429.0,1.0,2430.0,42.0,2431.0,2.0,0.5094064678697257
532,TEA,1970.01.01 01:21:30.478152,2418,2,2417,4,2416,15,2415,34,2414,73,2413,28,2412,29,2411,31,2410,26,2409,29,2422,8,2423,31,2424,28,2425,6,2426,37,2427,16.0,2428.0,40.0,2429.0,1.0,2430.0,42.0,2431.0,2.0,0.5173748811928659
533,TEA,1970.01.01 01:21:30.482902,2418,2,2417,4,2416,15,2415,34,2414,73,2413,28,2412,29,2411,31,2410,26,2409,29,2422,8,2423,31,2424,12,2425,6,2426,37,2427,16.0,2428.0,40.0,2429.0,1.0,2430.0,42.0,2431.0,2.0,0.5250300616813571
534,TEA,1970.01.01 01:21:30.483415,2418,2,2417,4,2416,15,2415,34,2414,73,2413,28,2412,29,2411,31,2410,26,2409,29,2422,8,2423,31,2424,28,2425,6,2426,37,2427,16.0,2428.0,40.0,2429.0,1.0,2430.0,42.0,2431.0,2.0,0.5323855214474776
535,TEA,1970.01.01 01:21:30.484365,2418,2,2417,4,2416,15,2415,34,2414,73,2413,28,2412,29,2411,31,2410,26,2409,29,2422,8,2423,31,2424,12,2425,6,2426,37,2427,16.0,2428.0,40.0,2429.0,1.0,2430.0,42.0,2431.0,2.0,0.5498163146092798
536,TEA,1970.01.01 01:21:30.485025,2418,2,2417,4,2416,15,2415,34,2414,73,2413,28,2412,29,2411,31,2410,26,2409,29,2422,8,2423,31,2424,28,2425,6,2426,37,2427,16.0,2428.0,40.0,2429.0,1.0,2430.0,42.0,2431.0,2.0,0.5663100482241302
537,TEA,1970.01.01 01:21:30.491383,2418,2,2417,4,2416,15,2415,34,2414,73,2413,28,2412,29,2411,31,2410,26,2409,29,2422,8,2423,31,2424,12,2425,6,2426,37,2427,16.0,2428.0,40.0,2429.0,1.0,2430.0,42.0,2431.0,2.0,0.5819464031800191
538,TEA,1970.01.01 01:21:30.494,2418,2,2417,4,2416,15,2415,34,2414,73,2413,28,2412,29,2411,31,2410,26,2409,29,2422,8,2423,31,2424,28,2425,6,2426,37,2427,16.0,2428.0,40.0,2429.0,1.0,2430.0,42.0,2431.0,2.0,0.5876463926893677
539,TEA,1970.01.01 01:21:30.495403,2418,2,2417,4,2416,15,2415,34,2414,73,2413,28,2412,29,2411,31,2410,26,2409,29,2422,8,2423,31,2424,12,2425,6,2426,37,2427,16.0,2428.0,40.0,2429.0,1.0,2430.0,42.0,2431.0,2.0,0.5931213445033546
541,TEA,1970.01.01 01:21:30.533127,2418,2,2417,4,2416,15,2415,34,2414,73,2413,28,2412,29,2411,31,2410,26,2409,29,2422,8,2423,31,2424,28,2425,6,2426,37,2427,16.0,2428.0,40.0,2429.0,1.0,2430.0,42.0,2431.0,2.0,0.5983774357110093
543,TEA,1970.01.01 01:21:30.537146,2418,2,2417,4,2416,15,2415,34,2414,73,2413,28,2412,29,2411,31,2410,26,2409,29,2422,8,2423,31,2424,12,2425,6,2426,37,2427,16.0,2428.0,40.0,2429.0,1.0,2430.0,42.0,2431.0,2.0,0.6120837072320872
545,TEA,1970.01.01 01:21:30.582,2418,2,2417,28,2416,15,2415,34,2414,73,2413,28,2412,29,2411,31,2410,26,2409,29,2422,8,2423,31,2424,12,2425,6,2426,37,2427,16.0,2428.0,40.0,2429.0,1.0,2430.0,42.0,2431.0,2.0,0.6251262498850341
546,TEA,1970.01.01 01:21:30.583581,2418,2,2417,4,2416,15,2415,34,2414,73,2413,28,2412,29,2411,31,2410,26,2409,29,2422,8,2423,31,2424,12,2425,6,2426,37,2427,16.0,2428.0,40.0,2429.0,1.0,2430.0,42.0,2431.0,2.0,0.6375457995133645
547,TEA,1970.01.01 01:21:30.584033,2418,2,2417,28,2416,15,2415,34,2414,73,2413,28,2412,29,2411,31,2410,26,2409,29,2422,8,2423,31,2424,12,2425,6,2426,37,2427,16.0,2428.0,40.0,2429.0,1.0,2430.0,42.0,2431.0,2.0,0.6493781018824107
548,TEA,1970.01.01 01:21:30.584618,2418,2,2417,28,2416,15,2415,34,2414,73,2413,28,2412,29,2411,31,2410,26,2409,5,2422,8,2423,31,2424,12,2425,6,2426,37,2427,16.0,2428.0,40.0,2429.0,1.0,2430.0,42.0,2431.0,2.0,0.6606547104782714
549,TEA,1970.01.01 01:21:30.585219,2418,2,2417,4,2416,15,2415,34,2414,73,2413,28,2412,29,2411,31,2410,26,2409,5,2422,8,2423,31,2424,12,2425,6,2426,37,2427,16.0,2428.0,40.0,2429.0,1.0,2430.0,42.0,2431.0,2.0,0.671403625470784
551,TEA,1970.01.01 01:21:30.598388,2418,2,2417,4,2416,31,2415,34,2414,73,2413,28,2412,29,2411,31,2410,26,2409,5,2422,8,2423,31,2424,12,2425,6,2426,37,2427,16.0,2428.0,40.0,2429.0,1.0,2430.0,42.0,2431.0,2.0,0.6816498108698891
552,TEA,1970.01.01 01:21:30.599403,2418,2,2417,28,2416,31,2415,34,2414,73,2413,28,2412,29,2411,31,2410,26,2409,5,2422,8,2423,31,2424,12,2425,6,2426,37,2427,16.0,2428.0,40.0,2429.0,1.0,2430.0,42.0,2431.0,2.0,0.6914156170987582
573,TEA,1970.01.01 01:21:30.623278,2418,2,2417,28,2416,31,2415,34,2414,73,2413,28,2412,29,2411,31,2410,26,2409,5,2422,8,2423,31,2424,12,2425,30,2426,37,2427,16.0,2428.0,40.0,2429.0,1.0,2430.0,42.0,2431.0,2.0,0.7007211292822675
575,TEA,1970.01.01 01:21:30.623862,2418,2,2417,28,2416,31,2415,34,2414,73,2413,28,2412,29,2411,31,2410,26,2409,5,2422,8,2423,31,2424,12,2425,30,2426,37,2427,40.0,2428.0,40.0,2429.0,1.0,2430.0,42.0,2431.0,2.0,0.7095844565819026
579,TEA,1970.01.01 01:21:30.648031,2418,2,2417,28,2416,15,2415,34,2414,73,2413,28,2412,29,2411,31,2410,26,2409,5,2422,6,2423,31,2424,12,2425,30,2426,37,2427,40.0,2428.0,40.0,2429.0,1.0,2430.0,42.0,2431.0,2.0,0.7180219742933432
583,TEA,1970.01.01 01:21:30.655076,2418,2,2417,4,2416,15,2415,34,2414,73,2413,28,2412,29,2411,31,2410,26,2409,5,2422,6,2423,31,2424,12,2425,30,2426,37,2427,40.0,2428.0,40.0,2429.0,1.0,2430.0,42.0,2431.0,2.0,0.726048527757646
584,TEA,1970.01.01 01:21:30.679567,2418,2,2417,28,2416,15,2415,34,2414,73,2413,28,2412,29,2411,31,2410,26,2409,5,2422,6,2423,31,2424,12,2425,30,2426,37,2427,40.0,2428.0,40.0,2429.0,1.0,2430.0,42.0,2431.0,2.0,0.7336776051478185
613,TEA,1970.01.01 01:21:30.705323,2418,2,2417,4,2416,15,2415,34,2414,73,2413,28,2412,29,2411,31,2410,26,2409,5,2422,6,2423,31,2424,12,2425,30,2426,37,2427,40.0,2428.0,40.0,2429.0,1.0,2430.0,42.0,2431.0,2.0,0.7409214846913874
617,TEA,1970.01.01 01:21:30.718229,2418,2,2417,28,2416,15,2415,34,2414,73,2413,28,2412,29,2411,31,2410,26,2409,5,2422,6,2423,31,2424,12,2425,30,2426,37,2427,40.0,2428.0,40.0,2429.0,1.0,2430.0,42.0,2431.0,2.0,0.7477913607448269
619,TEA,1970.01.01 01:21:30.760819,2418,2,2417,28,2416,15,2415,34,2414,73,2413,28,2412,29,2411,32,2410,26,2409,5,2422,6,2423,31,2424,12,2425,30,2426,37,2427,40.0,2428.0,40.0,2429.0,1.0,2430.0,42.0,2431.0,2.0,0.7542974522543265
641,TEA,1970.01.01 01:21:30.841749,2418,2,2417,28,2416,15,2415,34,2414,73,2413,28,2412,29,2411,32,2410,26,2409,5,2422,3,2423,31,2424,12,2425,30,2426,37,2427,40.0,2428.0,40.0,2429.0,1.0,2430.0,42.0,2431.0,2.0,0.7604490964526126
642,TEA,1970.01.01 01:21:30.841959,2418,2,2417,28,2416,15,2415,34,2414,73,2413,28,2412,29,2411,32,2410,26,2409,5,2422,1,2423,31,2424,12,2425,30,2426,37,2427,40.0,2428.0,40.0,2429.0,1.0,2430.0,42.0,2431.0,2.0,0.7662548301050245
643,TEA,1970.01.01 01:21:30.842111,2418,2,2417,28,2416,15,2415,34,2414,73,2413,28,2412,29,2411,32,2410,26,2409,5,2422,1,2423,30,2424,12,2425,30,2426,37,2427,40.0,2428.0,40.0,2429.0,1.0,2430.0,42.0,2431.0,2.0,0.7717224601943522
644,TEA,1970.01.01 01:21:30.842311,2418,2,2417,28,2416,15,2415,34,2414,73,2413,28,2412,29,2411,32,2410,26,2409,5,2422,3,2423,30,2424,12,2425,30,2426,37,2427,40.0,2428.0,40.0,2429.0,1.0,2430.0,42.0,2431.0,2.0,0.7768591255968005
645,TEA,1970.01.01 01:21:30.842493,2418,2,2417,28,2416,15,2415,34,2414,73,2413,28,2412,29,2411,32,2410,26,2409,5,2422,1,2423,30,2424,12,2425,30,2426,37,2427,40.0,2428.0,40.0,2429.0,1.0,2430.0,42.0,2431.0,2.0,0.7816713510312924
648,TEA,1970.01.01 01:21:30.864533,2418,2,2417,28,2416,15,2415,34,2414,73,2413,28,2412,29,2411,32,2410,26,2409,5,2421,24,2422,1,2423,30,2424,12,2425,30,2426,37.0,2427.0,40.0,2428.0,40.0,2429.0,1.0,2430.0,42.0,0.7861650943463495
649,TEA,1970.01.01 01:21:30.864699,2418,2,2417,28,2416,15,2415,34,2414,73,2413,28,2412,29,2411,32,2410,26,2409,5,2420,1,2421,24,2422,1,2423,30,2424,12,2425,30.0,2426.0,37.0,2427.0,40.0,2428.0,40.0,2429.0,1.0,0.7852651871530736
650,TEA,1970.01.01 01:21:30.864725,2418,2,2417,28,2416,15,2415,34,2414,73,2413,28,2412,29,2411,32,2410,26,2409,5,2420,1,2421,24,2422,1,2423,31,2424,12,2425,30.0,2426.0,37.0,2427.0,40.0,2428.0,40.0,2429.0,1.0,0.7753135566494098
651,TEA,1970.01.01 01:21:30.864843,2418,2,2417,28,2416,15,2415,34,2414,73,2413,28,2412,29,2411,32,2410,26,2409,5,2420,1,2421,24,2423,31,2424,12,2425,30,2426,37.0,2427.0,40.0,2428.0,40.0,2429.0,1.0,2430.0,42.0,0.7644070786116076
652,TEA,1970.01.01 01:21:30.864863,2418,1,2417,28,2416,15,2415,34,2414,73,2413,28,2412,29,2411,32,2410,26,2409,5,2420,1,2421,24,2423,31,2424,12,2425,30,2426,37.0,2427.0,40.0,2428.0,40.0,2429.0,1.0,2430.0,42.0,0.7525042367163634
655,TEA,1970.01.01 01:21:30.905046,2418,1,2417,4,2416,15,2415,34,2414,73,2413,28,2412,29,2411,32,2410,26,2409,5,2420,1,2421,24,2423,31,2424,12,2425,30,2426,37.0,2427.0,40.0,2428.0,40.0,2429.0,1.0,2430.0,42.0,0.7395569244202842
657,TEA,1970.01.01 01:21:30.922794,2418,1,2417,28,2416,15,2415,34,2414,73,2413,28,2412,29,2411,32,2410,26,2409,5,2420,1,2421,24,2423,31,2424,12,2425,30,2426,37.0,2427.0,40.0,2428.0,40.0,2429.0,1.0,2430.0,42.0,0.7255092255631711
658,TEA,1970.01.01 01:21:30.927149,2418,1,2417,28,2416,31,2415,34,2414,73,2413,28,2412,29,2411,32,2410,26,2409,5,2420,1,2421,24,2423,31,2424,12,2425,30,2426,37.0,2427.0,40.0,2428.0,40.0,2429.0,1.0,2430.0,42.0,0.7102958552842076
674,TEA,1970.01.01 01:21:31.048102,2418,1,2417,28,2416,31,2415,34,2414,73,2413,28,2412,29,2411,32,2410,26,2409,5,2420,1,2423,31,2424,12,2425,30,2426,37,2427,40.0,2428.0,40.0,2429.0,1.0,2430.0,42.0,2431.0,2.0,0.6938401411189357
675,TEA,1970.01.01 01:21:31.048259,2418,2,2417,28,2416,31,2415,34,2414,73,2413,28,2412,29,2411,32,2410,26,2409,5,2420,1,2423,31,2424,12,2425,30,2426,37,2427,40.0,2428.0,40.0,2429.0,1.0,2430.0,42.0,2431.0,2.0,0.6760513697636701
676,TEA,1970.01.01 01:21:31.048288,2418,2,2417,28,2416,31,2415,34,2414,73,2413,28,2412,29,2411,32,2410,26,2409,5,2420,1,2422,1,2423,31,2424,12,2425,30,2426,37.0,2427.0,40.0,2428.0,40.0,2429.0,1.0,2430.0,42.0,0.6568212400859867
677,TEA,1970.01.01 01:21:31.048308,2418,2,2417,28,2416,31,2415,34,2414,73,2413,28,2412,29,2411,32,2410,26,2409,5,2422,1,2423,31,2424,12,2425,30,2426,37,2427,40.0,2428.0,40.0,2429.0,1.0,2430.0,42.0,2431.0,2.0,0.636019026471867
684,TEA,1970.01.01 01:21:31.102922,2418,2,2417,28,2416,31,2415,34,2414,73,2413,28,2412,29,2411,32,2410,26,2409,5,2423,30,2424,12,2425,30,2426,37,2427,40,2428,40.0,2429.0,1.0,2430.0,42.0,2431.0,2.0,2432.0,48.0,0.6347671170936263
688,TEA,1970.01.01 01:21:31.236644,2418,2,2417,28,2416,15,2415,34,2414,73,2413,28,2412,29,2411,32,2410,26,2409,5,2423,30,2424,12,2425,30,2426,37,2427,40,2428,40.0,2429.0,1.0,2430.0,42.0,2431.0,2.0,2432.0,48.0,0.6377042156680115
689,TEA,1970.01.01 01:21:31.276254,2418,2,2417,28,2416,15,2415,34,2414,73,2413,28,2412,29,2411,32,2410,26,2409,5,2423,29,2424,12,2425,30,2426,37,2427,40,2428,40.0,2429.0,1.0,2430.0,42.0,2431.0,2.0,2432.0,48.0,0.6371297697082142
690,TEA,1970.01.01 01:21:31.276408,2418,2,2417,28,2416,15,2415,34,2414,73,2413,28,2412,29,2411,32,2410,26,2409,5,2423,28,2424,12,2425,30,2426,37,2427,40,2428,40.0,2429.0,1.0,2430.0,42.0,2431.0,2.0,2432.0,48.0,0.6365151334930099
702,TEA,1970.01.01 01:21:31.365458,2418,2,2417,28,2416,15,2415,34,2414,57,2413,28,2412,29,2411,32,2410,26,2409,5,2423,28,2424,12,2425,30,2426,37,2427,40,2428,40.0,2429.0,1.0,2430.0,42.0,2431.0,2.0,2432.0,48.0,0.6358601904760985
708,TEA,1970.01.01 01:21:31.416130,2418,2,2417,28,2416,15,2415,34,2414,57,2413,28,2412,29,2411,32,2410,26,2409,5,2423,28,2424,12,2425,30,2426,36,2427,40,2428,40.0,2429.0,1.0,2430.0,42.0,2431.0,2.0,2432.0,48.0,0.6351648159717839
710,TEA,1970.01.01 01:21:31.461374,2418,2,2417,28,2416,15,2415,34,2414,73,2413,28,2412,29,2411,32,2410,26,2409,5,2423,28,2424,12,2425,30,2426,36,2427,40,2428,40.0,2429.0,1.0,2430.0,42.0,2431.0,2.0,2432.0,48.0,0.6376250125111126
719,TEA,1970.01.01 01:21:31.527680,2418,2,2417,28,2416,15,2415,34,2414,73,2413,28,2412,29,2411,32,2410,26,2409,5,2422,14,2423,28,2424,12,2425,30,2426,36,2427,40.0,2428.0,40.0,2429.0,1.0,2430.0,42.0,2431.0,2.0,0.6399179240411212
721,TEA,1970.01.01 01:21:31.532156,2418,2,2417,28,2416,15,2415,34,2414,73,2413,28,2412,29,2411,32,2410,26,2409,5,2421,24,2422,14,2423,28,2424,12,2425,30,2426,36.0,2427.0,40.0,2428.0,40.0,2429.0,1.0,2430.0,42.0,0.6371297697082628
749,TEA,1970.01.01 01:21:31.779795,2418,2,2417,28,2416,15,2415,34,2414,73,2413,28,2412,29,2411,32,2410,26,2409,5,2421,23,2422,14,2423,28,2424,12,2425,30,2426,36.0,2427.0,40.0,2428.0,40.0,2429.0,1.0,2430.0,42.0,0.6248029992669427
753,TEA,1970.01.01 01:21:31.819843,2418,2,2417,28,2416,15,2415,34,2414,73,2413,28,2412,29,2411,32,2410,26,2409,5,2421,22,2422,14,2423,28,2424,12,2425,30,2426,36.0,2427.0,40.0,2428.0,40.0,2429.0,1.0,2430.0,42.0,0.6115677816312354
760,TEA,1970.01.01 01:21:31.835705,2418,2,2417,28,2416,15,2415,34,2414,57,2413,28,2412,29,2411,32,2410,26,2409,5,2421,22,2422,14,2423,28,2424,12,2425,30,2426,36.0,2427.0,40.0,2428.0,40.0,2429.0,1.0,2430.0,42.0,0.5973637370628162
768,TEA,1970.01.01 01:21:31.846345,2418,2,2417,28,2416,15,2415,34,2414,57,2413,28,2412,29,2411,32,2410,26,2409,5,2422,14,2423,28,2424,12,2425,30,2426,36,2427,40.0,2428.0,40.0,2429.0,1.0,2430.0,42.0,2431.0,2.0,0.5821199501630883
769,TEA,1970.01.01 01:21:31.846573,2418,2,2417,28,2416,15,2415,34,2414,57,2413,28,2412,29,2411,32,2410,26,2409,5,2422,16,2423,28,2424,12,2425,30,2426,36,2427,40.0,2428.0,40.0,2429.0,1.0,2430.0,42.0,2431.0,2.0,0.5765624358545225
770,TEA,1970.01.01 01:21:31.861303,2418,2,2417,28,2416,15,2415,34,2414,57,2413,28,2412,29,2411,32,2410,26,2409,5,2422,2,2423,28,2424,12,2425,30,2426,36,2427,40.0,2428.0,40.0,2429.0,1.0,2430.0,42.0,2431.0,2.0,0.5705526295133365
771,TEA,1970.01.01 01:21:31.880193,2418,2,2417,28,2416,15,2415,34,2414,57,2413,28,2412,29,2411,32,2410,26,2409,5,2422,1,2423,28,2424,12,2425,30,2426,36,2427,40.0,2428.0,40.0,2429.0,1.0,2430.0,42.0,2431.0,2.0,0.5640760748304465
778,TEA,1970.01.01 01:21:31.959830,2418,2,2417,28,2416,15,2415,34,2414,57,2413,28,2412,29,2411,32,2410,26,2409,5,2423,28,2424,12,2425,30,2426,36,2427,40,2428,40.0,2429.0,1.0,2430.0,42.0,2431.0,2.0,2432.0,48.0,0.5571164940056278
779,TEA,1970.01.01 01:21:31.965893,2418,2,2417,28,2416,15,2415,34,2414,57,2413,28,2412,29,2411,32,2410,26,2409,5,2422,14,2423,28,2424,12,2425,30,2426,36,2427,40.0,2428.0,40.0,2429.0,1.0,2430.0,42.0,2431.0,2.0,0.5567537583969245
784,TEA,1970.01.01 01:21:32.029893,2418,2,2417,28,2416,15,2415,34,2414,57,2413,28,2412,29,2411,32,2410,26,2409,5,2422,13,2423,28,2424,12,2425,30,2426,36,2427,40.0,2428.0,40.0,2429.0,1.0,2430.0,42.0,2431.0,2.0,0.5490119683836789
785,TEA,1970.01.01 01:21:32.030029,2419,1,2418,2,2417,28,2416,15,2415,34,2414,57,2413,28,2412,29,2411,32,2410,26,2422,13,2423,28,2424,12,2425,30,2426,36,2427,40.0,2428.0,40.0,2429.0,1.0,2430.0,42.0,2431.0,2.0,0.5407392993979638
786,TEA,1970.01.01 01:21:32.035581,2419,1,2418,2,2417,28,2416,15,2415,34,2414,73,2413,28,2412,29,2411,32,2410,26,2422,13,2423,28,2424,12,2425,30,2426,36,2427,40.0,2428.0,40.0,2429.0,1.0,2430.0,42.0,2431.0,2.0,0.539617335434379
787,TEA,1970.01.01 01:21:32.072907,2419,1,2418,2,2417,25,2416,15,2415,34,2414,73,2413,28,2412,29,2411,32,2410,26,2422,13,2423,28,2424,12,2425,30,2426,36,2427,40.0,2428.0,40.0,2429.0,1.0,2430.0,42.0,2431.0,2.0,0.5383054219373725
788,TEA,1970.01.01 01:21:32.074319,2419,4,2418,2,2417,25,2416,15,2415,34,2414,73,2413,28,2412,29,2411,32,2410,26,2422,13,2423,28,2424,12,2425,30,2426,36,2427,40.0,2428.0,40.0,2429.0,1.0,2430.0,42.0,2431.0,2.0,0.5368021662316776
789,TEA,1970.01.01 01:21:32.074479,2419,6,2418,2,2417,25,2416,15,2415,34,2414,73,2413,28,2412,29,2411,32,2410,26,2422,13,2423,28,2424,12,2425,30,2426,36,2427,40.0,2428.0,40.0,2429.0,1.0,2430.0,42.0,2431.0,2.0,0.535105955725449
790,TEA,1970.01.01 01:21:32.083748,2419,6,2418,2,2417,25,2416,15,2415,34,2414,57,2413,28,2412,29,2411,32,2410,26,2422,13,2423,28,2424,12,2425,30,2426,36,2427,40.0,2428.0,40.0,2429.0,1.0,2430.0,42.0,2431.0,2.0,0.5332149489958491
791,TEA,1970.01.01 01:21:32.090040,2419,6,2418,2,2417,25,2416,15,2415,34,2414,57,2413,28,2412,29,2411,32,2410,26,2422,12,2423,28,2424,12,2425,30,2426,36,2427,40.0,2428.0,40.0,2429.0,1.0,2430.0,42.0,2431.0,2.0,0.5311270654094189
792,TEA,1970.01.01 01:21:32.090197,2419,7,2418,2,2417,25,2416,15,2415,34,2414,57,2413,28,2412,29,2411,32,2410,26,2422,12,2423,28,2424,12,2425,30,2426,36,2427,40.0,2428.0,40.0,2429.0,1.0,2430.0,42.0,2431.0,2.0,0.5288399731357036
797,TEA,1970.01.01 01:21:32.142287,2419,7,2418,2,2417,25,2416,15,2415,34,2414,57,2413,28,2412,29,2411,32,2410,26,2422,11,2423,28,2424,12,2425,30,2426,36,2427,40.0,2428.0,40.0,2429.0,1.0,2430.0,42.0,2431.0,2.0,0.5263510753859042
798,TEA,1970.01.01 01:21:32.142418,2419,8,2418,2,2417,25,2416,15,2415,34,2414,57,2413,28,2412,29,2411,32,2410,26,2422,11,2423,28,2424,12,2425,30,2426,36,2427,40.0,2428.0,40.0,2429.0,1.0,2430.0,42.0,2431.0,2.0,0.5236574946771975
800,TEA,1970.01.01 01:21:32.152615,2419,8,2418,2,2417,25,2416,15,2415,34,2414,57,2413,28,2412,29,2411,32,2410,26,2422,14,2423,28,2424,12,2425,30,2426,36,2427,40.0,2428.0,40.0,2429.0,1.0,2430.0,42.0,2431.0,2.0,0.5207560548868115
802,TEA,1970.01.01 01:21:32.159152,2419,8,2418,2,2417,25,2416,15,2415,34,2414,57,2413,28,2412,29,2411,32,2410,26,2422,14,2423,28,2424,12,2425,25,2426,36,2427,40.0,2428.0,40.0,2429.0,1.0,2430.0,42.0,2431.0,2.0,0.5176432608166825
803,TEA,1970.01.01 01:21:32.163932,2419,8,2418,2,2417,25,2416,15,2415,34,2414,57,2413,28,2412,29,2411,32,2410,26,2422,14,2423,28,2424,7,2425,25,2426,36,2427,40.0,2428.0,40.0,2429.0,1.0,2430.0,42.0,2431.0,2.0,0.5143152749380049
804,TEA,1970.01.01 01:21:32.168622,2419,8,2418,2,2417,25,2416,15,2415,34,2414,57,2413,28,2412,29,2411,32,2410,26,2422,14,2423,25,2424,7,2425,25,2426,36,2427,40.0,2428.0,40.0,2429.0,1.0,2430.0,42.0,2431.0,2.0,0.510767890923224
805,TEA,1970.01.01 01:21:32.178589,2419,8,2418,2,2417,25,2416,15,2415,34,2414,57,2413,28,2412,29,2411,32,2410,21,2422,14,2423,25,2424,7,2425,25,2426,36,2427,40.0,2428.0,40.0,2429.0,1.0,2430.0,42.0,2431.0,2.0,0.5069965034985319
806,TEA,1970.01.01 01:21:32.183024,2419,8,2418,2,2417,25,2416,15,2415,34,2414,57,2413,28,2412,29,2411,27,2410,21,2422,14,2423,25,2424,7,2425,25,2426,36,2427,40.0,2428.0,40.0,2429.0,1.0,2430.0,42.0,2431.0,2.0,0.5029960740595204
807,TEA,1970.01.01 01:21:32.188629,2419,8,2418,2,2417,25,2416,15,2415,34,2414,57,2413,28,2412,24,2411,27,2410,21,2422,14,2423,25,2424,7,2425,25,2426,36,2427,40.0,2428.0,40.0,2429.0,1.0,2430.0,42.0,2431.0,2.0,0.4987610913822565
808,TEA,1970.01.01 01:21:32.194870,2419,8,2418,2,2417,25,2416,15,2415,34,2414,57,2413,28,2412,19,2411,27,2410,21,2422,14,2423,25,2424,7,2425,25,2426,36,2427,40.0,2428.0,40.0,2429.0,1.0,2430.0,42.0,2431.0,2.0,0.4942855266263863
824,TEA,1970.01.01 01:21:32.320659,2419,8,2418,2,2417,25,2416,15,2415,34,2414,57,2413,28,2412,19,2411,27,2410,21,2421,24,2422,14,2423,25,2424,7,2425,25,2426,36.0,2427.0,40.0,2428.0,40.0,2429.0,1.0,2430.0,42.0,0.4895627816591085
825,TEA,1970.01.01 01:21:32.320834,2419,8,2418,3,2417,25,2416,15,2415,34,2414,57,2413,28,2412,19,2411,27,2410,21,2421,24,2422,14,2423,25,2424,7,2425,25,2426,36.0,2427.0,40.0,2428.0,40.0,2429.0,1.0,2430.0,42.0,0.4740753893227077
826,TEA,1970.01.01 01:21:32.320902,2419,6,2418,3,2417,25,2416,15,2415,34,2414,57,2413,28,2412,19,2411,27,2410,21,2421,24,2422,14,2423,25,2424,7,2425,25,2426,36.0,2427.0,40.0,2428.0,40.0,2429.0,1.0,2430.0,42.0,0.4575682319420878
831,TEA,1970.01.01 01:21:32.358481,2419,6,2418,3,2417,25,2416,15,2415,34,2414,57,2413,28,2412,19,2411,27,2410,21,2421,17,2422,14,2423,25,2424,7,2425,25,2426,36.0,2427.0,40.0,2428.0,40.0,2429.0,1.0,2430.0,42.0,0.43992653199051096
839,TEA,1970.01.01 01:21:32.581603,2419,6,2418,3,2417,25,2416,15,2415,34,2414,73,2413,28,2412,19,2411,27,2410,21,2421,17,2422,14,2423,25,2424,7,2425,25,2426,36.0,2427.0,40.0,2428.0,40.0,2429.0,1.0,2430.0,42.0,0.42100768966997054
900,TEA,1970.01.01 01:21:32.854506,2419,6,2418,3,2417,25,2416,15,2415,34,2414,73,2413,28,2412,19,2411,27,2410,21,2420,4,2421,17,2422,14,2423,25,2424,7,2425,25.0,2426.0,36.0,2427.0,40.0,2428.0,40.0,2429.0,1.0,0.40063081573782217
901,TEA,1970.01.01 01:21:32.854763,2419,6,2418,6,2417,25,2416,15,2415,34,2414,73,2413,28,2412,19,2411,27,2410,21,2420,4,2421,17,2422,14,2423,25,2424,7,2425,25.0,2426.0,36.0,2427.0,40.0,2428.0,40.0,2429.0,1.0,0.3568945746118178
902,TEA,1970.01.01 01:21:32.854892,2419,6,2418,6,2417,25,2416,15,2415,34,2414,73,2413,28,2412,19,2411,27,2410,21,2421,17,2422,14,2423,25,2424,7,2425,25,2426,36.0,2427.0,40.0,2428.0,40.0,2429.0,1.0,2430.0,42.0,0.3056703182316985
903,TEA,1970.01.01 01:21:32.855005,2420,3,2419,5,2418,6,2417,25,2416,15,2415,34,2414,73,2413,28,2412,19,2411,27,2421,17,2422,14,2423,25,2424,7,2425,25,2426,36.0,2427.0,40.0,2428.0,40.0,2429.0,1.0,2430.0,42.0,0.27390737948933164
904,TEA,1970.01.01 01:21:32.855029,2420,3,2419,4,2418,6,2417,25,2416,15,2415,34,2414,73,2413,28,2412,19,2411,27,2421,17,2422,14,2423,25,2424,7,2425,25,2426,36.0,2427.0,40.0,2428.0,40.0,2429.0,1.0,2430.0,42.0,0.25990480000169586
905,TEA,1970.01.01 01:21:32.855049,2420,3,2419,3,2418,6,2417,25,2416,15,2415,34,2414,73,2413,28,2412,19,2411,27,2421,17,2422,14,2423,25,2424,7,2425,25,2426,36.0,2427.0,40.0,2428.0,40.0,2429.0,1.0,2430.0,42.0,0.2446911060645763
906,TEA,1970.01.01 01:21:32.855203,2420,3,2419,3,2418,3,2417,25,2416,15,2415,34,2414,73,2413,28,2412,19,2411,27,2421,17,2422,14,2423,25,2424,7,2425,25,2426,36.0,2427.0,40.0,2428.0,40.0,2429.0,1.0,2430.0,42.0,0.2280240108152325
907,TEA,1970.01.01 01:21:32.855364,2420,3,2419,3,2418,3,2417,25,2416,15,2415,34,2414,73,2413,28,2412,19,2411,27,2421,16,2422,14,2423,25,2424,7,2425,25,2426,36.0,2427.0,40.0,2428.0,40.0,2429.0,1.0,2430.0,42.0,0.20955701235558846
910,TEA,1970.01.01 01:21:32.894451,2420,3,2419,3,2418,3,2417,25,2416,15,2415,34,2414,73,2413,28,2412,19,2411,27,2422,14,2423,25,2424,7,2425,25,2426,36,2427,40.0,2428.0,40.0,2429.0,1.0,2430.0,42.0,2431.0,2.0,0.1887625840692763
911,TEA,1970.01.01 01:21:32.894630,2420,3,2419,5,2418,3,2417,25,2416,15,2415,34,2414,73,2413,28,2412,19,2411,27,2422,14,2423,25,2424,7,2425,25,2426,36,2427,40.0,2428.0,40.0,2429.0,1.0,2430.0,42.0,2431.0,2.0,0.18422647462446606
912,TEA,1970.01.01 01:21:32.894722,2420,3,2419,5,2418,2,2417,25,2416,15,2415,34,2414,73,2413,28,2412,19,2411,27,2422,14,2423,25,2424,7,2425,25,2426,36,2427,40.0,2428.0,40.0,2429.0,1.0,2430.0,42.0,2431.0,2.0,0.17943514067791008
913,TEA,1970.01.01 01:21:32.917858,2420,3,2419,5,2418,1,2417,25,2416,15,2415,34,2414,73,2413,28,2412,19,2411,27,2422,14,2423,25,2424,7,2425,25,2426,36,2427,40.0,2428.0,40.0,2429.0,1.0,2430.0,42.0,2431.0,2.0,0.17436754404744467
914,TEA,1970.01.01 01:21:32.918015,2420,3,2419,5,2417,25,2416,15,2415,34,2414,73,2413,28,2412,19,2411,27,2410,21,2422,14,2423,25,2424,7,2425,25,2426,36,2427,40.0,2428.0,40.0,2429.0,1.0,2430.0,42.0,2431.0,2.0,0.16899883453345932
960,TEA,1970.01.01 01:21:33.297789,2420,3,2419,5,2417,25,2416,15,2415,34,2414,73,2413,29,2412,19,2411,27,2410,21,2422,14,2423,25,2424,7,2425,25,2426,36,2427,40.0,2428.0,40.0,2429.0,1.0,2430.0,42.0,2431.0,2.0,0.1632993162254252
961,TEA,1970.01.01 01:21:33.318295,2420,3,2419,5,2417,25,2416,15,2415,34,2414,73,2413,29,2412,19,2411,28,2410,21,2422,14,2423,25,2424,7,2425,25,2426,36,2427,40.0,2428.0,40.0,2429.0,1.0,2430.0,42.0,2431.0,2.0,0.15723301890890834
967,TEA,1970.01.01 01:21:33.397848,2420,3,2419,5,2417,26,2416,15,2415,34,2414,73,2413,29,2412,19,2411,28,2410,21,2422,14,2423,25,2424,7,2425,25,2426,36,2427,40.0,2428.0,40.0,2429.0,1.0,2430.0,42.0,2431.0,2.0,0.15723301890890834
1114,TEA,1970.01.01 01:21:34.386972,2420,3,2419,5,2418,20,2417,26,2416,15,2415,34,2414,73,2413,29,2412,19,2411,28,2422,14,2423,25,2424,7,2425,25,2426,36,2427,40.0,2428.0,40.0,2429.0,1.0,2430.0,42.0,2431.0,2.0,0.15723301890890834
1125,TEA,1970.01.01 01:21:34.814452,2420,3,2419,5,2418,20,2417,26,2416,15,2415,34,2414,73,2413,29,2412,19,2411,28,2422,3,2423,25,2424,7,2425,25,2426,36,2427,40.0,2428.0,40.0,2429.0,1.0,2430.0,42.0,2431.0,2.0,0.15075567233182532
1126,TEA,1970.01.01 01:21:34.814477,2420,3,2419,5,2418,20,2417,26,2416,15,2415,34,2414,73,2413,29,2412,19,2411,28,2423,25,2424,7,2425,25,2426,36,2427,40,2428,40.0,2429.0,1.0,2430.0,42.0,2431.0,2.0,2432.0,48.0,0.15374122299900694
1127,TEA,1970.01.01 01:21:34.814627,2420,5,2419,5,2418,20,2417,26,2416,15,2415,34,2414,73,2413,29,2412,19,2411,28,2423,25,2424,7,2425,25,2426,36,2427,40,2428,40.0,2429.0,1.0,2430.0,42.0,2431.0,2.0,2432.0,48.0,0.16291225875675694
1128,TEA,1970.01.01 01:21:34.814660,2420,5,2419,4,2418,20,2417,26,2416,15,2415,34,2414,73,2413,29,2412,19,2411,28,2423,25,2424,7,2425,25,2426,36,2427,40,2428,40.0,2429.0,1.0,2430.0,42.0,2431.0,2.0,2432.0,48.0,0.17144660803503964
1130,TEA,1970.01.01 01:21:34.955459,2420,5,2419,4,2418,20,2417,26,2416,15,2415,34,2414,73,2413,29,2412,19,2411,28,2422,14,2423,25,2424,7,2425,25,2426,36,2427,40.0,2428.0,40.0,2429.0,1.0,2430.0,42.0,2431.0,2.0,0.2000000000317277
1131,TEA,1970.01.01 01:21:34.955651,2420,5,2419,5,2418,20,2417,26,2416,15,2415,34,2414,73,2413,29,2412,19,2411,28,2422,14,2423,25,2424,7,2425,25,2426,36,2427,40.0,2428.0,40.0,2429.0,1.0,2430.0,42.0,2431.0,2.0,0.21898526312768202
1132,TEA,1970.01.01 01:21:34.955712,2420,3,2419,5,2418,20,2417,26,2416,15,2415,34,2414,73,2413,29,2412,19,2411,28,2422,14,2423,25,2424,7,2425,25,2426,36,2427,40.0,2428.0,40.0,2429.0,1.0,2430.0,42.0,2431.0,2.0,0.23548788815344104
1133,TEA,1970.01.01 01:21:34.961393,2420,3,2419,5,2418,20,2417,26,2416,15,2415,34,2414,73,2413,29,2412,19,2411,28,2423,25,2424,7,2425,25,2426,36,2427,40,2428,40.0,2429.0,1.0,2430.0,42.0,2431.0,2.0,2432.0,48.0,0.2500000000245868
1134,TEA,1970.01.01 01:21:34.961547,2420,5,2419,5,2418,20,2417,26,2416,15,2415,34,2414,73,2413,29,2412,19,2411,28,2423,25,2424,7,2425,25,2426,36,2427,40,2428,40.0,2429.0,1.0,2430.0,42.0,2431.0,2.0,2432.0,48.0,0.2902454551833548
1135,TEA,1970.01.01 01:21:34.961602,2420,5,2419,4,2418,20,2417,26,2416,15,2415,34,2414,73,2413,29,2412,19,2411,28,2423,25,2424,7,2425,25,2426,36,2427,40,2428,40.0,2429.0,1.0,2430.0,42.0,2431.0,2.0,2432.0,48.0,0.3248542797045324
1136,TEA,1970.01.01 01:21:35.013551,2420,6,2419,4,2418,20,2417,26,2416,15,2415,34,2414,73,2413,29,2412,19,2411,28,2423,25,2424,7,2425,25,2426,36,2427,40,2428,40.0,2429.0,1.0,2430.0,42.0,2431.0,2.0,2432.0,48.0,0.3554766326716381
1140,TEA,1970.01.01 01:21:35.043830,2420,6,2419,4,2418,20,2417,26,2416,15,2415,34,2414,73,2413,29,2412,19,2411,28,2423,25,2424,7,2425,25,2426,36,2427,40,2428,40.0,2429.0,1.0,2430.0,42.0,2431.0,2.0,2432.0,40.0,0.3830697381081432
1141,TEA,1970.01.01 01:21:35.043981,2420,6,2419,4,2418,20,2417,26,2416,15,2415,34,2414,73,2413,29,2412,19,2411,28,2423,25,2424,7,2425,25,2426,36,2427,40,2428,40.0,2429.0,1.0,2430.0,42.0,2431.0,2.0,2432.0,32.0,0.4082482904782021
1142,TEA,1970.01.01 01:21:35.044003,2420,6,2419,4,2418,20,2417,26,2416,15,2415,34,2414,73,2413,29,2412,19,2411,28,2423,25,2424,7,2425,25,2426,36,2427,40,2428,40.0,2429.0,1.0,2430.0,34.0,2431.0,2.0,2432.0,32.0,0.4314352369104381
1143,TEA,1970.01.01 01:21:35.044023,2420,6,2419,4,2418,20,2417,26,2416,15,2415,34,2414,73,2413,29,2412,19,2411,28,2423,25,2424,7,2425,25,2426,36,2427,40,2428,32.0,2429.0,1.0,2430.0,34.0,2431.0,2.0,2432.0,32.0,0.4706271337283512
1144,TEA,1970.01.01 01:21:35.044321,2420,6,2419,4,2418,20,2417,26,2416,15,2415,34,2414,73,2413,29,2412,19,2411,28,2423,25,2424,7,2425,25,2426,36,2427,40,2428,32.0,2429.0,1.0,2430.0,34.0,2431.0,2.0,2432.0,24.0,0.5059993612117321
1145,TEA,1970.01.01 01:21:35.044379,2420,6,2419,4,2418,20,2417,26,2416,15,2415,34,2414,73,2413,29,2412,19,2411,28,2423,25,2424,7,2425,25,2426,36,2427,40,2428,32.0,2429.0,1.0,2430.0,26.0,2431.0,2.0,2432.0,24.0,0.5383054219343497
1146,TEA,1970.01.01 01:21:35.044411,2420,6,2419,4,2418,20,2417,26,2416,15,2415,34,2414,73,2413,29,2412,19,2411,28,2423,25,2424,7,2425,25,2426,36,2427,40,2428,24.0,2429.0,1.0,2430.0,26.0,2431.0,2.0,2432.0,24.0,0.5680686756133237
1147,TEA,1970.01.01 01:21:35.044431,2420,6,2419,4,2418,20,2417,26,2416,15,2415,34,2414,73,2413,29,2412,19,2411,28,2423,25,2424,7,2425,25,2426,36,2427,32,2428,24.0,2429.0,1.0,2430.0,26.0,2431.0,2.0,2432.0,24.0,0.5956704057901088
1148,TEA,1970.01.01 01:21:35.044732,2420,6,2419,4,2418,20,2417,26,2416,15,2415,34,2414,73,2413,29,2412,19,2411,28,2423,25,2424,7,2425,25,2426,36,2427,32,2428,24.0,2429.0,1.0,2430.0,26.0,2431.0,2.0,2432.0,8.0,0.6213987155177826
1149,TEA,1970.01.01 01:21:35.044959,2420,6,2419,4,2418,20,2417,26,2416,15,2415,34,2414,73,2413,29,2412,3,2411,28,2423,25,2424,7,2425,25,2426,36,2427,32,2428,24.0,2429.0,1.0,2430.0,26.0,2431.0,2.0,2432.0,8.0,0.6454776635578238
1150,TEA,1970.01.01 01:21:35.045677,2420,6,2419,4,2418,20,2417,26,2416,15,2415,34,2414,73,2413,29,2412,3,2411,28,2423,25,2424,7,2425,25,2426,36,2427,32,2428,24.0,2429.0,1.0,2430.0,26.0,2431.0,2.0,2433.0,1.0,0.6680856111673894
1151,TEA,1970.01.01 01:21:35.045697,2420,6,2419,4,2418,20,2417,26,2416,15,2415,34,2414,73,2413,29,2412,3,2411,28,2423,25,2424,7,2425,25,2426,36,2427,32,2428,24.0,2429.0,1.0,2430.0,18.0,2431.0,2.0,2433.0,1.0,0.6893672988600933
1152,TEA,1970.01.01 01:21:35.045729,2420,6,2419,4,2418,20,2417,26,2416,15,2415,34,2414,73,2413,29,2412,3,2411,28,2423,25,2424,7,2425,25,2426,36,2427,32,2428,16.0,2429.0,1.0,2430.0,18.0,2431.0,2.0,2433.0,1.0,0.7094420912367253
1153,TEA,1970.01.01 01:21:35.045749,2420,6,2419,4,2418,20,2417,26,2416,15,2415,34,2414,73,2413,29,2412,3,2411,28,2423,25,2424,7,2425,25,2426,36,2427,24,2428,16.0,2429.0,1.0,2430.0,18.0,2431.0,2.0,2433.0,1.0,0.7284097803372322
1154,TEA,1970.01.01 01:21:35.045977,2420,6,2419,4,2418,20,2417,26,2416,15,2415,34,2414,73,2413,29,2412,3,2411,28,2423,25,2424,7,2425,25,2426,36,2427,24,2429,1.0,2430.0,18.0,2431.0,2.0,2433.0,1.0,2435.0,13.0,0.7368373585394025
1155,TEA,1970.01.01 01:21:35.046058,2420,6,2419,4,2418,20,2417,26,2416,15,2415,34,2414,57,2413,29,2412,3,2411,28,2423,25,2424,7,2425,25,2426,36,2427,24,2429,1.0,2430.0,18.0,2431.0,2.0,2433.0,1.0,2435.0,13.0,0.7448645731494898
1156,TEA,1970.01.01 01:21:35.046719,2420,6,2419,4,2418,20,2417,26,2416,15,2415,34,2414,57,2413,29,2412,3,2411,28,2423,25,2424,7,2425,25,2426,20,2427,24,2429,1.0,2430.0,18.0,2431.0,2.0,2433.0,1.0,2435.0,13.0,0.752504236713972
1157,TEA,1970.01.01 01:21:35.046739,2420,6,2419,4,2418,20,2417,26,2416,15,2415,34,2414,57,2413,29,2412,3,2411,28,2423,25,2424,7,2425,25,2426,20,2427,24,2429,1.0,2430.0,2.0,2431.0,2.0,2433.0,1.0,2435.0,13.0,0.7597680400998993
1158,TEA,1970.01.01 01:21:35.047077,2420,6,2419,4,2418,20,2417,26,2416,15,2415,34,2414,57,2413,29,2412,3,2411,28,2423,25,2424,6,2425,25,2426,20,2427,24,2429,1.0,2430.0,2.0,2431.0,2.0,2433.0,1.0,2435.0,13.0,0.7666666666729844
1159,TEA,1970.01.01 01:21:35.047125,2420,6,2419,4,2418,20,2417,25,2416,15,2415,34,2414,57,2413,29,2412,3,2411,28,2423,25,2424,6,2425,25,2426,20,2427,24,2429,1.0,2430.0,2.0,2431.0,2.0,2433.0,1.0,2435.0,13.0,0.7732098908854866
1161,TEA,1970.01.01 01:21:35.181893,2420,4,2419,4,2418,20,2417,25,2416,15,2415,34,2414,57,2413,29,2412,3,2411,28,2423,25,2424,6,2425,25,2426,20,2427,24,2429,1.0,2430.0,2.0,2431.0,2.0,2433.0,1.0,2435.0,13.0,0.7794066637412628
1162,TEA,1970.01.01 01:21:35.192927,2420,5,2419,4,2418,20,2417,25,2416,15,2415,34,2414,57,2413,29,2412,3,2411,28,2423,25,2424,6,2425,25,2426,20,2427,24,2429,1.0,2430.0,2.0,2431.0,2.0,2433.0,1.0,2435.0,13.0,0.7852651871507382
1163,TEA,1970.01.01 01:21:35.192947,2420,5,2419,4,2418,20,2417,25,2416,15,2415,34,2414,57,2413,29,2412,3,2411,28,2423,26,2424,6,2425,25,2426,20,2427,24,2429,1.0,2430.0,2.0,2431.0,2.0,2433.0,1.0,2435.0,13.0,0.790792978827544
1165,TEA,1970.01.01 01:21:35.293540,2420,5,2419,5,2418,20,2417,25,2416,15,2415,34,2414,57,2413,29,2412,3,2411,28,2423,26,2424,6,2425,25,2426,20,2427,24,2429,1.0,2430.0,2.0,2431.0,2.0,2433.0,1.0,2435.0,13.0,0.7959969290898397
1166,TEA,1970.01.01 01:21:35.293560,2420,5,2419,5,2418,20,2417,25,2416,15,2415,34,2414,57,2413,29,2412,3,2411,28,2423,26,2424,6,2425,26,2426,20,2427,24,2429,1.0,2430.0,2.0,2431.0,2.0,2433.0,1.0,2435.0,13.0,0.8008833506968592
1170,TEA,1970.01.01 01:21:35.394163,2420,5,2419,5,2418,20,2417,25,2416,15,2415,34,2414,57,2413,29,2412,3,2411,28,2423,26,2424,7,2425,26,2426,20,2427,24,2429,1.0,2430.0,2.0,2431.0,2.0,2433.0,1.0,2435.0,13.0,0.8054580226627953
1184,TEA,1970.01.01 01:21:36.221412,2420,5,2419,5,2418,21,2417,25,2416,15,2415,34,2414,57,2413,29,2412,3,2411,28,2423,26,2424,7,2425,26,2426,20,2427,24,2429,1.0,2430.0,2.0,2431.0,2.0,2433.0,1.0,2435.0,13.0,0.8097262288364816
1185,TEA,1970.01.01 01:21:36.221511,2420,5,2419,29,2418,21,2417,25,2416,15,2415,34,2414,57,2413,29,2412,3,2411,28,2423,26,2424,7,2425,26,2426,20,2427,24,2429,1.0,2430.0,2.0,2431.0,2.0,2433.0,1.0,2435.0,13.0,0.8092895000916827
1186,TEA,1970.01.01 01:21:36.221665,2420,5,2419,29,2418,22,2417,25,2416,15,2415,34,2414,57,2413,29,2412,3,2411,28,2423,26,2424,7,2425,26,2426,20,2427,24,2429,1.0,2430.0,2.0,2431.0,2.0,2433.0,1.0,2435.0,13.0,0.80872764516215
1187,TEA,1970.01.01 01:21:36.221720,2420,5,2419,29,2418,35,2417,25,2416,15,2415,34,2414,57,2413,29,2412,3,2411,28,2423,26,2424,7,2425,26,2426,20,2427,24,2429,1.0,2430.0,2.0,2431.0,2.0,2433.0,1.0,2435.0,13.0,0.8080404030358648
1191,TEA,1970.01.01 01:21:36.813993,2420,5,2419,29,2418,35,2417,25,2416,15,2415,34,2414,57,2413,29,2412,3,2411,4,2423,26,2424,7,2425,26,2426,20,2427,24,2429,1.0,2430.0,2.0,2431.0,2.0,2433.0,1.0,2435.0,13.0,0.8072274534635108
1197,TEA,1970.01.01 01:21:37.017888,2420,5,2419,29,2418,35,2417,25,2416,15,2415,34,2414,57,2413,29,2412,3,2411,4,2422,7,2423,26,2424,7,2425,26,2426,20,2427,24.0,2429.0,1.0,2430.0,2.0,2431.0,2.0,2433.0,1.0,0.8062884162072412
1198,TEA,1970.01.01 01:21:37.018051,2420,4,2419,29,2418,35,2417,25,2416,15,2415,34,2414,57,2413,29,2412,3,2411,4,2422,7,2423,26,2424,7,2425,26,2426,20,2427,24.0,2429.0,1.0,2430.0,2.0,2431.0,2.0,2433.0,1.0,0.7999210819716094
1202,TEA,1970.01.01 01:21:37.109623,2420,4,2419,29,2418,35,2417,25,2416,14,2415,34,2414,57,2413,29,2412,3,2411,4,2422,7,2423,26,2424,7,2425,26,2426,20,2427,24.0,2429.0,1.0,2430.0,2.0,2431.0,2.0,2433.0,1.0,0.7932161869255678
1203,TEA,1970.01.01 01:21:37.109643,2420,4,2419,29,2418,35,2417,25,2416,14,2415,33,2414,57,2413,29,2412,3,2411,4,2422,7,2423,26,2424,7,2425,26,2426,20,2427,24.0,2429.0,1.0,2430.0,2.0,2431.0,2.0,2433.0,1.0,0.7861650943436136
1213,TEA,1970.01.01 01:21:37.544158,2420,4,2419,29,2418,35,2417,25,2416,14,2415,33,2414,57,2413,29,2412,3,2411,4,2423,25,2424,7,2425,26,2426,20,2427,24,2429,1.0,2430.0,2.0,2431.0,2.0,2433.0,1.0,2435.0,13.0,0.7787584005796193
1214,TEA,1970.01.01 01:21:37.544359,2420,5,2419,29,2418,35,2417,25,2416,14,2415,33,2414,57,2413,29,2412,3,2411,4,2423,25,2424,7,2425,26,2426,20,2427,24,2429,1.0,2430.0,2.0,2431.0,2.0,2433.0,1.0,2435.0,13.0,0.7768753783870282
1242,TEA,1970.01.01 01:21:38.598190,2420,5,2419,29,2418,35,2417,33,2416,14,2415,33,2414,57,2413,29,2412,3,2411,4,2423,25,2424,7,2425,26,2426,20,2427,24,2429,1.0,2430.0,2.0,2431.0,2.0,2433.0,1.0,2435.0,13.0,0.7748574323142453
1243,TEA,1970.01.01 01:21:38.598210,2420,5,2419,29,2418,35,2417,33,2416,14,2415,33,2414,57,2413,29,2412,3,2411,4,2423,25,2424,7,2425,34,2426,20,2427,24,2429,1.0,2430.0,2.0,2431.0,2.0,2433.0,1.0,2435.0,13.0,0.7727035052846839
1244,TEA,1970.01.01 01:21:38.598230,2420,5,2419,29,2418,35,2417,33,2416,14,2415,41,2414,57,2413,29,2412,3,2411,4,2423,25,2424,7,2425,34,2426,20,2427,24,2429,1.0,2430.0,2.0,2431.0,2.0,2433.0,1.0,2435.0,13.0,0.7704124567683373
1245,TEA,1970.01.01 01:21:38.598250,2420,5,2419,29,2418,35,2417,33,2416,14,2415,41,2414,57,2413,29,2412,3,2411,4,2423,25,2424,7,2425,34,2426,20,2427,24,2428,8.0,2429.0,1.0,2430.0,2.0,2431.0,2.0,2433.0,1.0,0.7679830595829495
1246,TEA,1970.01.01 01:21:38.598270,2420,5,2419,29,2418,35,2417,33,2416,14,2415,41,2414,57,2413,29,2412,3,2411,12,2423,25,2424,7,2425,34,2426,20,2427,24,2428,8.0,2429.0,1.0,2430.0,2.0,2431.0,2.0,2433.0,1.0,0.7654139963881812
1247,TEA,1970.01.01 01:21:38.598290,2420,5,2419,29,2418,35,2417,33,2416,14,2415,41,2414,57,2413,29,2412,3,2411,12,2423,25,2424,7,2425,34,2426,20,2427,24,2428,8.0,2429.0,1.0,2430.0,2.0,2431.0,10.0,2433.0,1.0,0.7627038558480221
1248,TEA,1970.01.01 01:21:38.599547,2420,5,2419,29,2418,35,2417,33,2416,22,2415,41,2414,57,2413,29,2412,3,2411,12,2423,25,2424,7,2425,34,2426,20,2427,24,2428,8.0,2429.0,1.0,2430.0,2.0,2431.0,10.0,2433.0,1.0,0.7598511284336753
1249,TEA,1970.01.01 01:21:38.599570,2420,5,2419,29,2418,35,2417,33,2416,22,2415,49,2414,57,2413,29,2412,3,2411,12,2423,25,2424,7,2425,34,2426,20,2427,24,2428,8.0,2429.0,1.0,2430.0,2.0,2431.0,10.0,2433.0,1.0,0.7568542018357263
1250,TEA,1970.01.01 01:21:38.599602,2420,5,2419,29,2418,35,2417,33,2416,22,2415,49,2414,65,2413,29,2412,3,2411,12,2423,25,2424,7,2425,34,2426,20,2427,24,2428,8.0,2429.0,1.0,2430.0,2.0,2431.0,10.0,2433.0,1.0,0.7537113559505617
1251,TEA,1970.01.01 01:21:38.599622,2420,5,2419,29,2418,35,2417,33,2416,22,2415,49,2414,65,2413,37,2412,11,2411,12,2423,25,2424,7,2425,34,2426,20,2427,24,2428,8.0,2429.0,1.0,2430.0,2.0,2431.0,10.0,2433.0,1.0,0.750420757401639
1252,TEA,1970.01.01 01:21:38.599642,2420,5,2419,29,2418,35,2417,33,2416,22,2415,49,2414,65,2413,37,2412,11,2411,12,2423,25,2424,7,2425,34,2426,28,2427,24,2428,8.0,2429.0,1.0,2430.0,2.0,2431.0,10.0,2433.0,1.0,0.7469804535512562
1253,TEA,1970.01.01 01:21:38.599662,2420,5,2419,29,2418,35,2417,33,2416,22,2415,49,2414,65,2413,37,2412,11,2411,12,2423,25,2424,7,2425,34,2426,28,2427,32,2428,16.0,2429.0,1.0,2430.0,2.0,2431.0,10.0,2433.0,1.0,0.7433883659528219
1254,TEA,1970.01.01 01:21:38.599682,2420,5,2419,29,2418,35,2417,33,2416,22,2415,49,2414,65,2413,37,2412,11,2411,12,2423,25,2424,7,2425,34,2426,28,2427,32,2428,16.0,2429.0,9.0,2430.0,10.0,2431.0,10.0,2433.0,1.0,0.7396422831871824
1255,TEA,1970.01.01 01:21:38.599702,2420,5,2419,29,2418,35,2417,33,2416,22,2415,49,2414,73,2413,37,2412,11,2411,12,2423,25,2424,7,2425,34,2426,28,2427,40,2428,16.0,2429.0,9.0,2430.0,10.0,2431.0,10.0,2433.0,1.0,0.7357398530191668
1256,TEA,1970.01.01 01:21:38.599722,2420,5,2419,29,2418,35,2417,33,2416,22,2415,49,2414,73,2413,45,2412,11,2411,12,2423,25,2424,7,2425,34,2426,28,2427,40,2428,16.0,2429.0,9.0,2430.0,10.0,2431.0,10.0,2433.0,1.0,0.7316785738020196
1257,TEA,1970.01.01 01:21:38.599742,2420,5,2419,29,2418,35,2417,33,2416,22,2415,49,2414,73,2413,45,2412,19,2411,20,2423,25,2424,7,2425,34,2426,28,2427,40,2428,16.0,2429.0,9.0,2430.0,10.0,2431.0,10.0,2433.0,1.0,0.7274557850476036
